{
    "IBM": [
        {
            "date": "2023-12-30",
            "symbol": "IBM",
            "period": "FY",
            "revenues": 30378000000,
            "costofrevenue": 21051000000,
            "grossprofit": 34300000000,
            "sellinggeneralandadministrativeexpense": 19003000000,
            "researchanddevelopmentexpense": 6775000000,
            "intellectualpropertyandcustomdevelopmentincome": 860000000,
            "otherincomeandexpense": -914000000,
            "interestexpense": 1607000000,
            "expenseandotherincome": 25610000000,
            "incomelossfromcontinuingoperationsbeforeincometaxesextraordinaryitemsnoncontrollinginterest": 8690000000,
            "incometaxexpensebenefit": 1176000000,
            "incomelossfromcontinuingoperations": 7514000000,
            "incomelossfromdiscontinuedoperationsnetoftaxattributabletoreportingentity": -12000000,
            "netincomeloss": 7502000000,
            "incomelossfromcontinuingoperationsperdilutedshare": 8.15,
            "incomelossfromdiscontinuedoperationsnetoftaxperdilutedshare": -0.01,
            "earningspersharediluted": 8.14,
            "incomelossfromcontinuingoperationsperbasicshare": 8.25,
            "incomelossfromdiscontinuedoperationsnetoftaxperbasicshare": -0.01,
            "earningspersharebasic": 8.23,
            "weightedaveragenumberofdilutedsharesoutstanding": 922073828,
            "weightedaveragenumberofsharesoutstandingbasic": 911210319,
            "othercomprehensiveincomeforeigncurrencytransactionandtranslationadjustmentbeforetaxportionattributabletoparent": 3000000,
            "othercomprehensiveincomelosscashflowhedgegainlossandderivativeexcludedcomponentbeforereclassificationandtax": 207000000,
            "othercomprehensiveincomelosscashflowhedgegainlossandderivativeexcludedcomponentreclassificationbeforetax": 159000000,
            "othercomprehensiveincomelosscashflowhedgegainlossandderivativeexcludedcomponentafterreclassificationbeforetaxparent": 47000000,
            "othercomprehensiveincomedefinedbenefitplannetpriorservicecostcreditarisingduringperiodbeforetax": -2000000,
            "othercomprehensiveincomelosspensionandotherpostretirementbenefitplansnetunamortizedgainlossarisingduringperiodbeforetax": -3115000000,
            "othercomprehensiveincomelossfinalizationofpensionandnonpensionpostretirementplanvaluationbeforetax": 5000000,
            "othercomprehensiveincomelossamortizationadjustmentfromaocipensionandotherpostretirementbenefitplansfornetpriorservicecostcreditbeforetax": -9000000,
            "othercomprehensiveincomelossreclassificationadjustmentfromaocipensionandotherpostretirementbenefitplansfornetgainlossbeforetax": -515000000,
            "othercomprehensiveincomedefinedbenefitplansadjustmentbeforetaxportionattributabletoparent": 2602000000,
            "othercomprehensiveincomelossbeforetaxportionattributabletoparent": -2552000000,
            "othercomprehensiveincomelosstaxportionattributabletoparent1": -531000000,
            "othercomprehensiveincomelossnetoftaxportionattributabletoparent": -2021000000,
            "comprehensiveincomenetoftax": 5481000000
        },
        {
            "date": "2021-12-30",
            "symbol": "IBM",
            "period": "FY",
            "revenues": 29225000000,
            "costofrevenue": 19147000000,
            "grossprofit": 31486000000,
            "sellinggeneralandadministrativeexpense": 18745000000,
            "researchanddevelopmentexpense": 6488000000,
            "intellectualpropertyandcustomdevelopmentincome": 612000000,
            "otherincomeandexpense": 873000000,
            "interestexpense": 1155000000,
            "expenseandotherincome": 26649000000,
            "incomelossfromcontinuingoperationsbeforeincometaxesextraordinaryitemsnoncontrollinginterest": 4837000000,
            "incometaxexpensebenefit": 124000000,
            "incomelossfromcontinuingoperations": 4712000000,
            "incomelossfromdiscontinuedoperationsnetoftaxattributabletoreportingentity": 1030000000,
            "netincomeloss": 5743000000,
            "incomelossfromcontinuingoperationsperdilutedshare": 5.21,
            "incomelossfromdiscontinuedoperationsnetoftaxperdilutedshare": 1.14,
            "earningspersharediluted": 6.35,
            "incomelossfromcontinuingoperationsperbasicshare": 5.26,
            "incomelossfromdiscontinuedoperationsnetoftaxperbasicshare": 1.15,
            "earningspersharebasic": 6.41,
            "weightedaveragenumberofdilutedsharesoutstanding": 904641001,
            "weightedaveragenumberofsharesoutstandingbasic": 895990771,
            "othercomprehensiveincomeforeigncurrencytransactionandtranslationadjustmentbeforetaxportionattributabletoparent": 987000000,
            "othercomprehensiveincomelosscashflowhedgegainlossbeforereclassificationandtax": 344000000,
            "othercomprehensiveincomelosscashflowhedgegainlossreclassificationbeforetax": -243000000,
            "othercomprehensiveincomelosscashflowhedgegainlossafterreclassificationbeforetaxparent": 587000000,
            "othercomprehensiveincomedefinedbenefitplannetpriorservicecostcreditarisingduringperiodbeforetax": 51000000,
            "othercomprehensiveincomelosspensionandotherpostretirementbenefitplansnetunamortizedgainlossarisingduringperiodbeforetax": 2433000000,
            "othercomprehensiveincomelossfinalizationofpensionandnonpensionpostretirementplanvaluationbeforetax": 94000000,
            "othercomprehensiveincomelossamortizationadjustmentfromaocipensionandotherpostretirementbenefitplansfornetpriorservicecostcreditbeforetax": 9000000,
            "othercomprehensiveincomelossreclassificationadjustmentfromaocipensionandotherpostretirementbenefitplansfornetgainlossbeforetax": -2484000000,
            "othercomprehensiveincomedefinedbenefitplansadjustmentbeforetaxportionattributabletoparent": -4969000000,
            "othercomprehensiveincomelossbeforetaxportionattributabletoparent": 6542000000,
            "othercomprehensiveincomelosstaxportionattributabletoparent1": 1703000000,
            "othercomprehensiveincomelosscontinuingoperationsnetoftaxportionattributabletoparent": 4839000000,
            "netincomeandothercomprehensiveincomefromcontinuingoperations": 10582000000
        },
        {
            "date": "2020-12-30",
            "symbol": "IBM",
            "period": "FY",
            "revenues": 45004000000,
            "costofrevenue": 30404000000,
            "grossprofit": 35575000000,
            "sellinggeneralandadministrativeexpense": 23082000000,
            "researchanddevelopmentexpense": 6333000000,
            "intellectualpropertyandcustomdevelopmentincome": 626000000,
            "otherincomeandexpense": 861000000,
            "interestexpense": 1288000000,
            "expenseandotherincome": 30937000000,
            "incomelossfromcontinuingoperationsbeforeincometaxesextraordinaryitemsnoncontrollinginterest": 4637000000,
            "incometaxexpensebenefit": -864000000,
            "incomelossfromcontinuingoperations": 5501000000,
            "incomelossfromdiscontinuedoperationsnetoftaxattributabletoreportingentity": 89000000,
            "netincomeloss": 5590000000,
            "incomelossfromcontinuingoperationsperdilutedshare": 6.13,
            "incomelossfromdiscontinuedoperationsnetoftaxperdilutedshare": 0.1,
            "earningspersharediluted": 6.23,
            "incomelossfromcontinuingoperationsperbasicshare": 6.18,
            "incomelossfromdiscontinuedoperationsnetoftaxperbasicshare": 0.1,
            "earningspersharebasic": 6.28,
            "weightedaveragenumberofdilutedsharesoutstanding": 896563971,
            "weightedaveragenumberofsharesoutstandingbasic": 890348679,
            "othercomprehensiveincomeforeigncurrencytransactionandtranslationadjustmentbeforetaxportionattributabletoparent": -1500000000,
            "othercomprehensiveincomeunrealizedholdinggainlossonsecuritiesarisingduringperiodbeforetax": -1000000,
            "othercomprehensiveincomeavailableforsalesecuritiesadjustmentbeforetaxportionattributabletoparent": -1000000,
            "othercomprehensiveincomelosscashflowhedgegainlossbeforereclassificationandtax": -349000000,
            "othercomprehensiveincomelosscashflowhedgegainlossreclassificationbeforetax": 21000000,
            "othercomprehensiveincomelosscashflowhedgegainlossafterreclassificationbeforetaxparent": -370000000,
            "othercomprehensiveincomedefinedbenefitplannetpriorservicecostcreditarisingduringperiodbeforetax": 37000000,
            "othercomprehensiveincomelosspensionandotherpostretirementbenefitplansnetunamortizedgainlossarisingduringperiodbeforetax": -1678000000,
            "othercomprehensiveincomelossfinalizationofpensionandnonpensionpostretirementplanvaluationbeforetax": 52000000,
            "othercomprehensiveincomelossamortizationadjustmentfromaocipensionandotherpostretirementbenefitplansfornetpriorservicecostcreditbeforetax": 13000000,
            "othercomprehensiveincomelossreclassificationadjustmentfromaocipensionandotherpostretirementbenefitplansfornetgainlossbeforetax": -2314000000,
            "othercomprehensiveincomedefinedbenefitplansadjustmentbeforetaxportionattributabletoparent": -664000000,
            "othercomprehensiveincomelossbeforetaxportionattributabletoparent": -1206000000,
            "othercomprehensiveincomelosstaxportionattributabletoparent1": -466000000,
            "othercomprehensiveincomelossnetoftaxportionattributabletoparent": -740000000,
            "comprehensiveincomenetoftax": 4850000000
        },
        {
            "date": "2019-12-30",
            "symbol": "IBM",
            "period": "FY",
            "revenues": 47493000000,
            "costofrevenue": 32491000000,
            "grossprofit": 36488000000,
            "sellinggeneralandadministrativeexpense": 20604000000,
            "researchanddevelopmentexpense": 5989000000,
            "intellectualpropertyandcustomdevelopmentincome": 648000000,
            "otherincomeandexpense": -968000000,
            "interestexpense": 1344000000,
            "expenseandotherincome": 26322000000,
            "incomelossfromcontinuingoperationsbeforeincometaxesextraordinaryitemsnoncontrollinginterest": 10166000000,
            "incometaxexpensebenefit": 731000000,
            "incomelossfromcontinuingoperations": 9435000000,
            "incomelossfromdiscontinuedoperationsnetoftaxattributabletoreportingentity": -4000000,
            "netincomeloss": 9431000000,
            "incomelossfromcontinuingoperationsperdilutedshare": 10.57,
            "incomelossfromdiscontinuedoperationsnetoftaxperdilutedshare": -0.01,
            "earningspersharediluted": 10.56,
            "incomelossfromcontinuingoperationsperbasicshare": 10.63,
            "earningspersharebasic": 10.63,
            "weightedaveragenumberofdilutedsharesoutstanding": 892813376,
            "weightedaveragenumberofsharesoutstandingbasic": 887235105,
            "othercomprehensiveincomeforeigncurrencytransactionandtranslationadjustmentbeforetaxportionattributabletoparent": -39000000,
            "othercomprehensiveincomeunrealizedholdinggainlossonsecuritiesarisingduringperiodbeforetax": 1000000,
            "othercomprehensiveincomeavailableforsalesecuritiesadjustmentbeforetaxportionattributabletoparent": 1000000,
            "othercomprehensiveincomelosscashflowhedgegainlossbeforereclassificationandtax": -689000000,
            "othercomprehensiveincomelosscashflowhedgegainlossreclassificationbeforetax": -75000000,
            "othercomprehensiveincomelosscashflowhedgegainlossafterreclassificationbeforetaxparent": -614000000,
            "othercomprehensiveincomedefinedbenefitplannetpriorservicecostcreditarisingduringperiodbeforetax": 73000000,
            "othercomprehensiveincomelosspensionandotherpostretirementbenefitplansnetunamortizedgainlossarisingduringperiodbeforetax": -120000000,
            "othercomprehensiveincomelossfinalizationofpensionandnonpensionpostretirementplanvaluationbeforetax": 41000000,
            "othercomprehensiveincomelossamortizationadjustmentfromaocipensionandotherpostretirementbenefitplansfornetpriorservicecostcreditbeforetax": -9000000,
            "othercomprehensiveincomelossreclassificationadjustmentfromaocipensionandotherpostretirementbenefitplansfornetgainlossbeforetax": -1843000000,
            "othercomprehensiveincomedefinedbenefitplansadjustmentbeforetaxportionattributabletoparent": -1681000000,
            "othercomprehensiveincomelossbeforetaxportionattributabletoparent": 1029000000,
            "othercomprehensiveincomelosstaxportionattributabletoparent1": 136000000,
            "othercomprehensiveincomelossnetoftaxportionattributabletoparent": 893000000,
            "comprehensiveincomenetoftax": 10324000000
        },
        {
            "date": "2018-12-30",
            "symbol": "IBM",
            "period": "FY",
            "revenues": 42024000000,
            "costofrevenue": -30000000,
            "grossprofit": 23000000,
            "sellinggeneralandadministrativeexpense": -7000000,
            "researchanddevelopmentexpense": 5379000000,
            "intellectualpropertyandcustomdevelopmentincome": 1026000000,
            "otherincomeandexpense": 341000000,
            "interestexpense": 71000000,
            "expenseandotherincome": 25594000000,
            "incomelossfromcontinuingoperationsbeforeincometaxesextraordinaryitemsnoncontrollinginterest": 3786000000,
            "incometaxexpensebenefit": -18000000,
            "incomelossfromcontinuingoperations": 8723000000,
            "incomelossfromdiscontinuedoperationsnetoftaxattributabletoreportingentity": 5000000,
            "netincomeloss": -53000000,
            "incomelossfromcontinuingoperationsperdilutedshare": 0.03,
            "incomelossfromdiscontinuedoperationsnetoftaxperdilutedshare": 0.01,
            "earningspersharediluted": 9.52,
            "incomelossfromcontinuingoperationsperbasicshare": 0.03,
            "incomelossfromdiscontinuedoperationsnetoftaxperbasicshare": 0.01,
            "earningspersharebasic": 9.57,
            "weightedaveragenumberofdilutedsharesoutstanding": 916315714,
            "weightedaveragenumberofsharesoutstandingbasic": 912048072,
            "othercomprehensiveincomeforeigncurrencytransactionandtranslationadjustmentbeforetaxportionattributabletoparent": -730000000,
            "othercomprehensiveincomeunrealizedholdinggainlossonsecuritiesarisingduringperiodbeforetax": -2000000,
            "othercomprehensiveincomeavailableforsalesecuritiesadjustmentbeforetaxportionattributabletoparent": -2000000,
            "othercomprehensiveincomelosscashflowhedgegainlossbeforereclassificationandtax": -136000000,
            "othercomprehensiveincomelosscashflowhedgegainlossreclassificationbeforetax": -449000000,
            "othercomprehensiveincomelosscashflowhedgegainlossafterreclassificationbeforetaxparent": 313000000,
            "othercomprehensiveincomedefinedbenefitplannetpriorservicecostcreditarisingduringperiodbeforetax": 125000000,
            "othercomprehensiveincomelosspensionandotherpostretirementbenefitplansnetunamortizedgainlossarisingduringperiodbeforetax": -1590000000,
            "othercomprehensiveincomelossfinalizationofpensionandnonpensionpostretirementplanvaluationbeforetax": 11000000,
            "othercomprehensiveincomelossamortizationadjustmentfromaocipensionandotherpostretirementbenefitplansfornetpriorservicecostcreditbeforetax": -83000000,
            "othercomprehensiveincomelossreclassificationadjustmentfromaocipensionandotherpostretirementbenefitplansfornetgainlossbeforetax": -1401000000,
            "othercomprehensiveincomedefinedbenefitplansadjustmentbeforetaxportionattributabletoparent": -204000000,
            "othercomprehensiveincomelossbeforetaxportionattributabletoparent": -215000000,
            "othercomprehensiveincomelosstaxportionattributabletoparent1": 262000000,
            "othercomprehensiveincomelossnetoftaxportionattributabletoparent": -476000000,
            "comprehensiveincomenetoftax": 8252000000
        }
    ],
    "HP": [
        {
            "date": "2023-09-29",
            "symbol": "HP",
            "period": "FY",
            "revenuefromcontractwithcustomerexcludingassessedtax": 2862677000,
            "otheroperatingincome": 9744000,
            "revenues": 2872421000,
            "costofgoodsandserviceexcludingdepreciationdepletionandamortization": 1715098000,
            "othercostofoperatingrevenue": 4477000,
            "depreciationdepletionandamortization": 382314000,
            "researchanddevelopmentexpenseexcludingacquiredinprocesscost": 30046000,
            "sellinggeneralandadministrativeexpense": 206657000,
            "assetimpairmentcharges": 12097000,
            "gainlossonreimbursementofdrillingequipment": 48173000,
            "gainlossondispositionofassets1": -8016000,
            "costsandexpenses": 2310532000,
            "operatingincomeloss": 561889000,
            "investmentincomeinterestanddividend": 28393000,
            "interestexpense": 17283000,
            "gainlossoninvestments": 11299000,
            "othernonoperatingincomeexpense": 9081000,
            "nonoperatingincomeexpense": 31490000,
            "incomelossfromcontinuingoperationsbeforeincometaxesextraordinaryitemsnoncontrollinginterest": 593379000,
            "incometaxexpensebenefit": 159279000,
            "netincomeloss": 434100000,
            "earningspersharebasic": 4.18,
            "earningspersharediluted": 4.16,
            "weightedaveragenumberofsharesoutstandingbasic": 102447000,
            "weightedaveragenumberofdilutedsharesoutstanding": 102852000,
            "othercomprehensiveincomedefinedbenefitplansadjustmentnetoftaxportionattributabletoparent": -4091000,
            "othercomprehensiveincomelossnetoftaxportionattributabletoparent": 4091000,
            "comprehensiveincomenetoftax": 438191000,
            "othercomprehensiveincomedefinedbenefitplanstaxportionattributabletoparent": 1200000
        },
        {
            "date": "2022-09-29",
            "symbol": "HP",
            "period": "FY",
            "revenuefromcontractwithcustomerexcludingassessedtax": 263100000.00000003,
            "otheroperatingincome": 9103000,
            "revenues": 2846000,
            "costofgoodsandserviceexcludingdepreciationdepletionandamortization": 1426589000,
            "othercostofoperatingrevenue": 4638000,
            "depreciationdepletionandamortization": 390282000,
            "researchanddevelopmentexpenseexcludingacquiredinprocesscost": 26563000,
            "sellinggeneralandadministrativeexpense": -140850000,
            "assetimpairmentcharges": 2500000,
            "restructuringcosts": 838000,
            "gainlossonreimbursementofdrillingequipment": 29443000,
            "othergainlossondispositionofassets": 5432000,
            "costsandexpenses": 2013652000,
            "operatingincomeloss": 151267000,
            "investmentincomeinterestanddividend": 18090000,
            "interestexpense": 19203000,
            "gainlossoninvestments": 8199999.999999999,
            "gainslossesonextinguishmentofdebt": -60083000,
            "othernonoperatingincomeexpense": -11115000,
            "nonoperatingincomeexpense": -14374000,
            "incomelossfromcontinuingoperationsbeforeincometaxesextraordinaryitemsnoncontrollinginterest": 30918000,
            "incometaxexpensebenefit": 24366000,
            "incomelossfromcontinuingoperations": 6552000,
            "discontinuedoperationincomelossfromdiscontinuedoperationbeforeincometax": 401000,
            "incomelossfromdiscontinuedoperationsnetoftaxattributabletoreportingentity": 401000,
            "netincomeloss": 6953000,
            "incomelossfromcontinuingoperationsperbasicshare": 0.05,
            "earningspersharebasic": 0.05,
            "incomelossfromcontinuingoperationsperdilutedshare": 0.05,
            "earningspersharediluted": 0.05,
            "weightedaveragenumberofsharesoutstandingbasic": 105891000,
            "weightedaveragenumberofdilutedsharesoutstanding": 106555000,
            "othercomprehensiveincomedefinedbenefitplansadjustmentnetoftaxportionattributabletoparent": -8172000,
            "othercomprehensiveincomelossnetoftaxportionattributabletoparent": 8172000,
            "comprehensiveincomenetoftax": 15125000,
            "othercomprehensiveincomedefinedbenefitplanstaxportionattributabletoparent": 2300000
        },
        {
            "date": "2021-09-29",
            "symbol": "HP",
            "period": "FY",
            "revenuefromcontractwithcustomerexcludingassessedtax": 148000000,
            "otheroperatingincome": 7768000,
            "revenues": 2417000,
            "costofgoodsandserviceexcludingdepreciationdepletionandamortization": 952600000,
            "othercostofoperatingrevenue": 5138000,
            "depreciationdepletionandamortization": 406411000,
            "researchanddevelopmentexpenseexcludingacquiredinprocesscost": 21724000,
            "sellinggeneralandadministrativeexpense": -126097000,
            "assetimpairmentcharges": 14400000,
            "restructuringcosts": 5926000,
            "gainlossondispositionofassets1": 1042000,
            "costsandexpenses": 1647117000,
            "operatingincomeloss": -303494000,
            "investmentincomeinterestanddividend": 10254000,
            "interestexpense": 23955000,
            "gainlossoninvestments": 6727000,
            "othernonoperatingincomeexpense": -5657000,
            "nonoperatingincomeexpense": -12631000,
            "incomelossfromcontinuingoperationsbeforeincometaxesextraordinaryitemsnoncontrollinginterest": -441180000,
            "incometaxexpensebenefit": -103721000,
            "incomelossfromcontinuingoperations": -337459000,
            "discontinuedoperationincomelossfromdiscontinuedoperationbeforeincometax": 11309000,
            "incomelossfromdiscontinuedoperationsnetoftaxattributabletoreportingentity": 11309000,
            "netincomeloss": -326150000,
            "incomelossfromcontinuingoperationsperbasicshare": -3.14,
            "incomelossfromdiscontinuedoperationsnetoftaxperbasicshare": 0.1,
            "earningspersharebasic": -3.04,
            "incomelossfromcontinuingoperationsperdilutedshare": -3.14,
            "incomelossfromdiscontinuedoperationsnetoftaxperdilutedshare": 0.1,
            "earningspersharediluted": -3.04,
            "weightedaveragenumberofsharesoutstandingbasic": 107818000,
            "weightedaveragenumberofdilutedsharesoutstanding": 107818000,
            "othercomprehensiveincomedefinedbenefitplansadjustmentnetoftaxportionattributabletoparent": -5944000,
            "othercomprehensiveincomelossnetoftaxportionattributabletoparent": 5944000,
            "comprehensiveincomenetoftax": -320206000,
            "othercomprehensiveincomedefinedbenefitplanstaxportionattributabletoparent": 1800000
        },
        {
            "date": "2020-09-29",
            "symbol": "HP",
            "period": "FY",
            "netincomeloss": -494497000,
            "othercomprehensiveincomedefinedbenefitplansadjustmentnetoftaxportionattributabletoparent": -2447000,
            "othercomprehensiveincomelossnetoftaxportionattributabletoparent": 2447000,
            "comprehensiveincomenetoftax": -492050000,
            "othercomprehensiveincomedefinedbenefitplanstaxportionattributabletoparent": -800000,
            "revenuefromcontractwithcustomerexcludingassessedtax": 1761714000,
            "otheroperatingincome": 12213000,
            "revenues": 1773927000,
            "costofgoodsandserviceexcludingdepreciationdepletionandamortization": 1184788000,
            "othercostofoperatingrevenue": 5777000,
            "depreciationdepletionandamortization": 481885000,
            "researchanddevelopmentexpenseexcludingacquiredinprocesscost": 21645000,
            "sellinggeneralandadministrativeexpense": 167513000,
            "assetimpairmentcharges": 563234000,
            "restructuringcosts": 16047000,
            "gainlossondispositionofassets1": 46775000,
            "costsandexpenses": 2394114000,
            "operatingincomeloss": -620187000,
            "investmentincomeinterestanddividend": 7304000,
            "interestexpense": 24474000,
            "gainlossoninvestments": -8720000,
            "gainlossonsaleofstockinsubsidiaryorequitymethodinvestee": 14963000,
            "othernonoperatingincomeexpense": -5384000,
            "nonoperatingincomeexpense": -16311000,
            "incomelossfromcontinuingoperationsbeforeincometaxesextraordinaryitemsnoncontrollinginterest": -636498000,
            "incometaxexpensebenefit": -140106000,
            "incomelossfromcontinuingoperations": -496392000,
            "discontinuedoperationincomelossfromdiscontinuedoperationbeforeincometax": 30580000,
            "discontinuedoperationtaxeffectofdiscontinuedoperation": 28685000,
            "incomelossfromdiscontinuedoperationsnetoftaxattributabletoreportingentity": 1895000,
            "incomelossfromcontinuingoperationsperbasicshare": -4.62,
            "incomelossfromdiscontinuedoperationsnetoftaxperbasicshare": 0.02,
            "earningspersharebasic": -4.6,
            "incomelossfromcontinuingoperationsperdilutedshare": -4.62,
            "incomelossfromdiscontinuedoperationsnetoftaxperdilutedshare": 0.02,
            "earningspersharediluted": -4.6,
            "weightedaveragenumberofsharesoutstandingbasic": 108009000,
            "weightedaveragenumberofdilutedsharesoutstanding": 108009000
        },
        {
            "date": "2019-09-29",
            "symbol": "HP",
            "period": "FY",
            "netincomeloss": -33656000,
            "othercomprehensiveincomedefinedbenefitplansadjustmentnetoftaxportionattributabletoparent": 11875000,
            "othercomprehensiveincomelossnetoftaxportionattributabletoparent": -11875000,
            "comprehensiveincomenetoftax": -45531000,
            "othercomprehensiveincomedefinedbenefitplanstaxportionattributabletoparent": 3500000,
            "revenuefromcontractwithcustomerexcludingassessedtax": 2785557000,
            "otheroperatingincome": 12933000,
            "revenues": 2798490000,
            "costofgoodsandserviceexcludingdepreciationdepletionandamortization": 1803204000,
            "othercostofoperatingrevenue": 5382000,
            "depreciationdepletionandamortization": 562803000,
            "researchanddevelopmentexpenseexcludingacquiredinprocesscost": 27467000,
            "sellinggeneralandadministrativeexpense": 194416000,
            "assetimpairmentcharges": 224327000,
            "gainlossondispositionofassets1": 39691000,
            "costsandexpenses": 2777908000,
            "operatingincomeloss": 20582000,
            "investmentincomeinterestanddividend": 9468000,
            "interestexpense": 25188000,
            "gainlossoninvestments": -54488000,
            "othernonoperatingincomeexpense": -1596000,
            "nonoperatingincomeexpense": -71804000,
            "incomelossfromcontinuingoperationsbeforeincometaxesextraordinaryitemsnoncontrollinginterest": -51222000,
            "incometaxexpensebenefit": -18712000,
            "incomelossfromcontinuingoperations": -32510000,
            "discontinuedoperationincomelossfromdiscontinuedoperationbeforeincometax": 32848000,
            "discontinuedoperationtaxeffectofdiscontinuedoperation": 33994000,
            "incomelossfromdiscontinuedoperationsnetoftaxattributabletoreportingentity": -1146000,
            "incomelossfromcontinuingoperationsperbasicshare": -0.33,
            "incomelossfromdiscontinuedoperationsnetoftaxperbasicshare": -0.01,
            "earningspersharebasic": -0.34,
            "incomelossfromcontinuingoperationsperdilutedshare": -0.33,
            "incomelossfromdiscontinuedoperationsnetoftaxperdilutedshare": -0.01,
            "earningspersharediluted": -0.34,
            "weightedaveragenumberofsharesoutstandingbasic": 109216000,
            "weightedaveragenumberofdilutedsharesoutstanding": 109216000
        }
    ],
    "CTSH": [
        {
            "date": "2023-12-30",
            "symbol": "CTSH",
            "period": "FY",
            "revenues": 19353000000,
            "costofgoodsandserviceexcludingdepreciationdepletionandamortization": 12664000000,
            "sellinggeneralandadministrativeexpense": 3252000000,
            "restructuringcharges": 229000000,
            "depreciationandamortization": 519000000,
            "operatingincomeloss": 2689000000,
            "investmentincomeinterestanddividend": 126000000,
            "interestexpense": 41000000,
            "foreigncurrencytransactiongainlossbeforetax": 2000000,
            "othernonoperatingincomeexpense": 11000000,
            "nonoperatingincomeexpense": 98000000,
            "incomelossfromcontinuingoperationsbeforeincometaxesminorityinterestandincomelossfromequitymethodinvestments": 2787000000,
            "incometaxexpensebenefit": 668000000,
            "incomelossfromequitymethodinvestments": 7000000,
            "netincomeloss": 2126000000,
            "earningspersharebasic": 4.21,
            "earningspersharediluted": 4.21,
            "weightedaveragenumberofsharesoutstandingbasic": 505000000,
            "weightedaveragenumberofdilutedsharesoutstanding": 505000000,
            "othercomprehensiveincomeforeigncurrencytransactionandtranslationadjustmentnetoftaxportionattributabletoparent": 144000000,
            "othercomprehensiveincomelosscashflowhedgegainlossafterreclassificationandtaxparent": 61000000,
            "othercomprehensiveincomelossnetoftaxportionattributabletoparent": 205000000,
            "comprehensiveincomenetoftax": 2331000000
        },
        {
            "date": "2022-12-30",
            "symbol": "CTSH",
            "period": "FY",
            "depreciationandamortization": 569000000,
            "revenues": 19428000000,
            "costofgoodsandserviceexcludingdepreciationdepletionandamortization": 12448000000,
            "sellinggeneralandadministrativeexpense": 3443000000,
            "operatingincomeloss": 5746000000,
            "investmentincomeinterestanddividend": 59000000,
            "interestexpense": 19000000,
            "foreigncurrencytransactiongainlossbeforetax": 7000000,
            "othernonoperatingincomeexpense": 1000000,
            "nonoperatingincomeexpense": 48000000,
            "incomelossfromcontinuingoperationsbeforeincometaxesminorityinterestandincomelossfromequitymethodinvestments": 3016000000,
            "incometaxexpensebenefit": 730000000,
            "incomelossfromequitymethodinvestments": 4000000,
            "netincomeloss": 2290000000,
            "earningspersharebasic": 4.42,
            "earningspersharediluted": 4.41,
            "weightedaveragenumberofsharesoutstandingbasic": 518000000,
            "weightedaveragenumberdilutedsharesoutstandingadjustment": 1000000,
            "weightedaveragenumberofdilutedsharesoutstanding": 519000000,
            "commonstockdividendspersharedeclared": 1.08,
            "othercomprehensiveincomeforeigncurrencytransactionandtranslationadjustmentnetoftaxportionattributabletoparent": -228000000,
            "othercomprehensiveincomelosscashflowhedgegainlossafterreclassificationandtaxparent": -108000000,
            "othercomprehensiveincomelossnetoftaxportionattributabletoparent": -108000000,
            "comprehensiveincomenetoftax": 1954000000
        },
        {
            "date": "2021-12-30",
            "symbol": "CTSH",
            "period": "FY",
            "depreciationandamortization": 574000000,
            "revenues": 18507000000,
            "costofgoodsandserviceexcludingdepreciationdepletionandamortization": 11604000000,
            "sellinggeneralandadministrativeexpense": 3503000000,
            "operatingincomeloss": 5557000000,
            "investmentincomeinterestanddividend": 30000000,
            "interestexpense": 9000000,
            "foreigncurrencytransactiongainlossbeforetax": -20000000,
            "nonoperatingincomeexpense": 1000000,
            "incomelossfromcontinuingoperationsbeforeincometaxesminorityinterestandincomelossfromequitymethodinvestments": 2827000000,
            "incometaxexpensebenefit": 693000000,
            "incomelossfromequitymethodinvestments": 3000000,
            "netincomeloss": 2137000000,
            "earningspersharebasic": 4.06,
            "earningspersharediluted": 4.05,
            "weightedaveragenumberofsharesoutstandingbasic": 527000000,
            "weightedaveragenumberdilutedsharesoutstandingadjustment": 1000000,
            "weightedaveragenumberofdilutedsharesoutstanding": 528000000,
            "commonstockdividendspersharedeclared": 0.96,
            "othercomprehensiveincomeforeigncurrencytransactionandtranslationadjustmentnetoftaxportionattributabletoparent": -75000000,
            "othercomprehensiveincomelosscashflowhedgegainlossafterreclassificationandtaxparent": 2000000,
            "othercomprehensiveincomelossnetoftaxportionattributabletoparent": 2000000,
            "comprehensiveincomenetoftax": 2064000000
        },
        {
            "date": "2020-12-30",
            "symbol": "CTSH",
            "period": "FY",
            "depreciationandamortization": 552000000,
            "revenues": 16652000000,
            "costofgoodsandserviceexcludingdepreciationdepletionandamortization": 10671000000,
            "sellinggeneralandadministrativeexpense": 3100000000,
            "operatingincomeloss": 4704000000,
            "investmentincomeinterestanddividend": 119000000,
            "interestexpense": 24000000,
            "foreigncurrencytransactiongainlossbeforetax": -116000000,
            "othernonoperatingincomeexpense": 3000000,
            "nonoperatingincomeexpense": -18000000,
            "incomelossfromcontinuingoperationsbeforeincometaxesminorityinterestandincomelossfromequitymethodinvestments": 2096000000,
            "incometaxexpensebenefit": 704000000,
            "netincomeloss": 1392000000,
            "earningspersharebasic": 2.58,
            "earningspersharediluted": 2.57,
            "weightedaveragenumberofsharesoutstandingbasic": 540000000,
            "weightedaveragenumberdilutedsharesoutstandingadjustment": 1000000,
            "weightedaveragenumberofdilutedsharesoutstanding": 541000000,
            "restructuringcharges": 215000000,
            "othercomprehensiveincomeforeigncurrencytransactionandtranslationadjustmentnetoftaxportionattributabletoparent": 119000000,
            "othercomprehensiveincomederivativesqualifyingashedgesnetoftaxportionattributabletoparent": 29000000,
            "othercomprehensiveincomelossnetoftaxportionattributabletoparent": 148000000,
            "comprehensiveincomenetoftax": 1540000000
        },
        {
            "date": "2019-12-30",
            "symbol": "CTSH",
            "period": "FY",
            "netincomeloss": 1842000000,
            "othercomprehensiveincomeforeigncurrencytransactionandtranslationadjustmentnetoftaxportionattributabletoparent": 39000000,
            "othercomprehensiveincomederivativesqualifyingashedgesnetoftaxportionattributabletoparent": 29000000,
            "othercomprehensiveincomeavailableforsalesecuritiesadjustmentnetoftaxportionattributabletoparent": 8000000,
            "othercomprehensiveincomelossnetoftaxportionattributabletoparent": 76000000,
            "comprehensiveincomenetoftax": 1918000000,
            "depreciationandamortization": 507000000,
            "revenues": 16783000000,
            "costofgoodsandserviceexcludingdepreciationdepletionandamortization": 10634000000,
            "sellinggeneralandadministrativeexpense": 2972000000,
            "operatingincomeloss": 2453000000,
            "investmentincomeinterestanddividend": 176000000,
            "interestexpense": 26000000,
            "foreigncurrencytransactiongainlossbeforetax": -65000000,
            "othernonoperatingincomeexpense": 5000000,
            "nonoperatingincomeexpense": 90000000,
            "incomelossfromcontinuingoperationsbeforeincometaxesminorityinterestandincomelossfromequitymethodinvestments": 2543000000,
            "incometaxexpensebenefit": 643000000,
            "incomelossfromequitymethodinvestments": -58000000,
            "earningspersharebasic": 3.3,
            "earningspersharediluted": 3.29,
            "weightedaveragenumberofsharesoutstandingbasic": 559000000,
            "weightedaveragenumberdilutedsharesoutstandingadjustment": 1000000,
            "weightedaveragenumberofdilutedsharesoutstanding": 560000000,
            "restructuringcharges": 217000000
        }
    ],
    "XRX": [
        {
            "date": "2023-12-30",
            "symbol": "XRX",
            "period": "FY",
            "revenuefromcontractwithcustomerexcludingassessedtax": 2720000000,
            "costofgoodsandservicessold": 1778000000,
            "financinginterestexpense": 130000000,
            "researchdevelopmentandengineeringexpenses": 229000000,
            "sellinggeneralandadministrativeexpense": 1696000000,
            "restructuringcosts": 167000000,
            "amortizationofintangibleassets": 43000000,
            "disposalgroupnotdiscontinuedoperationgainlossondisposal": -132000000,
            "otherexpenseincomenet": 75000000,
            "costsandexpenses": 6914000000,
            "incomelossincludingportionattributabletononcontrollinginterest": -28000000,
            "incometaxexpensebenefit": -29000000,
            "netincomeloss": 1000000,
            "preferredstockdividendsandotheradjustments": 14000000,
            "netincomelossavailabletocommonstockholdersbasic": -13000000,
            "earningspersharebasic": -0.09,
            "earningspersharediluted": -0.09,
            "othercomprehensiveincomelossforeigncurrencytransactionandtranslationadjustmentnetoftax": 191000000,
            "othercomprehensiveincomelosscashflowhedgegainlossafterreclassificationandtax": 1000000,
            "othercomprehensiveincomelosspensionandotherpostretirementbenefitplansadjustmentnetoftax": 331000000,
            "othercomprehensiveincomelossnetoftax": -139000000,
            "comprehensiveincomenetoftaxincludingportionattributabletononcontrollinginterest": -138000000,
            "profitloss": 1000000
        },
        {
            "date": "2022-12-30",
            "symbol": "XRX",
            "period": "FY",
            "revenuefromcontractwithcustomerexcludingassessedtax": 2800000000,
            "costofgoodsandservicessold": 2002000000,
            "financinginterestexpense": 108000000,
            "researchdevelopmentandengineeringexpenses": 304000000,
            "sellinggeneralandadministrativeexpense": 1760000000,
            "goodwillimpairmentloss": 412000000,
            "restructuringsettlementandimpairmentprovisions": 65000000,
            "amortizationofintangibleassets": 42000000,
            "otherexpenseincomenet": 63000000,
            "costsandexpenses": 7435000000,
            "incomelossfromcontinuingoperationsbeforeincometaxesminorityinterestandincomelossfromequitymethodinvestments": -328000000,
            "incometaxexpensebenefit": -3000000,
            "incomelossfromequitymethodinvestments": 3000000,
            "profitloss": -322000000,
            "netincomeloss": -322000000,
            "earningspersharebasic": -2.15,
            "earningspersharediluted": -2.15,
            "othercomprehensiveincomelossforeigncurrencytransactionandtranslationadjustmentnetoftax": -377000000,
            "othercomprehensiveincomelosscashflowhedgegainlossafterreclassificationandtax": -2000000,
            "othercomprehensiveincomelosspensionandotherpostretirementbenefitplansadjustmentnetoftax": 171000000,
            "othercomprehensiveincomelossnetoftax": -550000000,
            "othercomprehensiveincomelossnetoftaxportionattributabletononcontrollinginterest": -1000000,
            "othercomprehensiveincomelossnetoftaxportionattributabletoparent": -549000000,
            "comprehensiveincomenetoftaxincludingportionattributabletononcontrollinginterest": -872000000,
            "comprehensiveincomenetoftaxattributabletononcontrollinginterest": -1000000,
            "comprehensiveincomenetoftax": -871000000
        },
        {
            "date": "2021-12-30",
            "symbol": "XRX",
            "period": "FY",
            "revenuefromcontractwithcustomerexcludingassessedtax": 2582000000,
            "costofgoodsandservicessold": 1862000000,
            "financinginterestexpense": 111000000,
            "researchdevelopmentandengineeringexpenses": 310000000,
            "sellinggeneralandadministrativeexpense": 1718000000,
            "goodwillimpairmentloss": 781000000,
            "restructuringcosts": 38000000,
            "amortizationofintangibleassets": 55000000,
            "otheroperatingincomeexpensenet": 24000000,
            "costsandexpenses": 7513000000,
            "incomelossfromcontinuingoperationsbeforeincometaxesminorityinterestandincomelossfromequitymethodinvestments": -475000000,
            "incometaxexpensebenefit": -17000000,
            "incomelossfromequitymethodinvestments": 3000000,
            "incomelossfromcontinuingoperationsincludingportionattributabletononcontrollinginterest": -455000000,
            "profitloss": -455000000,
            "netincomeloss": -455000000,
            "incomelossfromcontinuingoperations": -455000000,
            "incomelossfromcontinuingoperationsperbasicshare": -2.56,
            "earningspersharebasic": -2.56,
            "incomelossfromcontinuingoperationsperdilutedshare": -2.56,
            "earningspersharediluted": -2.56,
            "othercomprehensiveincomelossforeigncurrencytransactionandtranslationadjustmentnetoftax": -141000000,
            "othercomprehensiveincomelosscashflowhedgegainlossafterreclassificationandtax": -4000000,
            "othercomprehensiveincomelosspensionandotherpostretirementbenefitplansadjustmentnetoftax": -489000000,
            "othercomprehensiveincomelossnetoftaxportionattributabletoparent": 344000000,
            "comprehensiveincomenetoftaxincludingportionattributabletononcontrollinginterest": -111000000,
            "comprehensiveincomenetoftax": -111000000
        },
        {
            "date": "2020-12-30",
            "symbol": "XRX",
            "period": "FY",
            "revenuefromcontractwithcustomerexcludingassessedtax": 2449000000,
            "costofgoodsandservicessold": 1742000000,
            "financinginterestexpense": 121000000,
            "researchdevelopmentandengineeringexpenses": 311000000,
            "sellinggeneralandadministrativeexpense": 1851000000,
            "restructuringsettlementandimpairmentprovisions": 93000000,
            "amortizationofintangibleassets": 56000000,
            "businessacquisitioncostacquiredentitytransactioncosts": 18000000,
            "othercostandexpenseoperating": 45000000,
            "costsandexpenses": 6770000000,
            "incomelossfromcontinuingoperationsbeforeincometaxesminorityinterestandincomelossfromequitymethodinvestments": 252000000,
            "incometaxexpensebenefit": 64000000,
            "incomelossfromequitymethodinvestments": 4000000,
            "incomelossfromcontinuingoperationsincludingportionattributabletononcontrollinginterest": 192000000,
            "profitloss": 192000000,
            "netincomeloss": 192000000,
            "incomelossfromcontinuingoperations": 192000000,
            "incomelossfromcontinuingoperationsperbasicshare": 0.85,
            "earningspersharebasic": 0.85,
            "incomelossfromcontinuingoperationsperdilutedshare": 0.84,
            "earningspersharediluted": 0.84,
            "othercomprehensiveincomelossforeigncurrencytransactionandtranslationadjustmentnetoftax": 241000000,
            "othercomprehensiveincomelossderivativesqualifyingashedgesnetoftax": 4000000,
            "othercomprehensiveincomelosspensionandotherpostretirementbenefitplansadjustmentnetoftax": -69000000,
            "othercomprehensiveincomelossnetoftaxportionattributabletoparent": 314000000,
            "comprehensiveincomenetoftaxincludingportionattributabletononcontrollinginterest": 506000000,
            "comprehensiveincomenetoftax": 506000000
        },
        {
            "date": "2019-12-30",
            "symbol": "XRX",
            "period": "FY",
            "profitloss": 1361000000,
            "incomelossfromcontinuingoperationsattributabletononcontrollingentity": 3000000,
            "incomelossfromdiscontinuedoperationsnetoftaxattributabletononcontrollinginterest": 5000000,
            "netincomeloss": 1353000000,
            "othercomprehensiveincomelossforeigncurrencytransactionandtranslationadjustmentnetoftax": 62000000,
            "othercomprehensiveincomelossderivativesqualifyingashedgesnetoftax": -6000000,
            "othercomprehensiveincomelosspensionandotherpostretirementbenefitplansadjustmentnetoftax": 10000000,
            "othercomprehensiveincomelossnetoftax": 46000000,
            "othercomprehensiveincomelossnetoftaxportionattributabletoparent": 46000000,
            "comprehensiveincomenetoftaxincludingportionattributabletononcontrollinginterest": 1407000000,
            "comprehensiveincomelossfromcontinuingoperationsnetoftaxattributabletononcontrollinginterest": 3000000,
            "comprehensiveincomelossfromdiscontinuedoperationsnetoftaxattributabletononcontrollinginterest": 5000000,
            "comprehensiveincomenetoftax": 1399000000,
            "revenuefromcontractwithcustomerexcludingassessedtax": 3227000000,
            "costofgoodsandservicessold": 2097000000,
            "financinginterestexpense": 131000000,
            "researchdevelopmentandengineeringexpenses": 373000000,
            "sellinggeneralandadministrativeexpense": 2085000000,
            "restructuringsettlementandimpairmentprovisions": 229000000,
            "amortizationofintangibleassets": 45000000,
            "businessacquisitioncostacquiredentitytransactioncosts": 12000000,
            "othercostandexpenseoperating": 84000000,
            "costsandexpenses": 8244000000,
            "incomelossfromcontinuingoperationsbeforeincometaxesminorityinterestandincomelossfromequitymethodinvestments": 822000000,
            "incometaxexpensebenefit": 179000000,
            "incomelossfromequitymethodinvestments": 8000000,
            "incomelossfromcontinuingoperationsincludingportionattributabletononcontrollinginterest": 651000000,
            "incomelossfromdiscontinuedoperationsnetoftax": 710000000,
            "incomelossfromcontinuingoperations": 648000000,
            "incomelossfromdiscontinuedoperationsnetoftaxattributabletoreportingentity": 705000000,
            "incomelossfromcontinuingoperationsperbasicshare": 2.86,
            "incomelossfromdiscontinuedoperationsnetoftaxperbasicshare": 3.17,
            "earningspersharebasic": 6.03,
            "incomelossfromcontinuingoperationsperdilutedshare": 2.78,
            "incomelossfromdiscontinuedoperationsnetoftaxperdilutedshare": 3.02,
            "earningspersharediluted": 5.8
        }
    ],
    "ACN": [
        {
            "date": "2023-08-30",
            "symbol": "ACN",
            "period": "FY",
            "revenues": 64111745000,
            "costofgoodsandservicessold": 43380138000,
            "sellingandmarketingexpense": 6582629000,
            "generalandadministrativeexpense": 4275943000,
            "restructuringcharges": 1063146000,
            "costsandexpenses": 55301856000,
            "operatingincomeloss": 8809889000,
            "investmentincomeinterest": 280409000,
            "interestexpense": 47525000,
            "othernonoperatingincomeexpense": 96559000,
            "incomelossfromcontinuingoperationsbeforeincometaxesextraordinaryitemsnoncontrollinginterest": 9139332000,
            "incometaxexpensebenefit": 2135802000,
            "incomelossfromcontinuingoperationsincludingportionattributabletononcontrollinginterest": 7003530000,
            "noncontrollinginterestinnetincomelossothernoncontrollinginterestsredeemable": 7204000,
            "noncontrollinginterestinnetincomelossothernoncontrollinginterestsnonredeemable": 124769000,
            "netincomeloss": 6871557000,
            "weightedaveragenumberofsharesoutstandingbasic": 630608186,
            "weightedaveragenumberofdilutedsharesoutstanding": 638591616,
            "earningspersharebasic": 10.9,
            "earningspersharediluted": 10.77,
            "commonstockdividendspersharecashpaid": 4.48,
            "othercomprehensiveincomelossforeigncurrencytransactionandtranslationadjustmentnetoftax": 341688000,
            "othercomprehensiveincomelosspensionandotherpostretirementbenefitplansadjustmentnetoftax": -122268000,
            "othercomprehensiveincomelosscashflowhedgegainlossafterreclassificationandtax": -16715000,
            "othercomprehensiveincomelossnetoftaxportionattributabletoparent": 447241000,
            "othercomprehensiveincomelossnetoftaxportionattributabletononcontrollinginterest": 8489000,
            "comprehensiveincomenetoftaxincludingportionattributabletononcontrollinginterest": 7459260000,
            "comprehensiveincomenetoftax": 7318798000,
            "comprehensiveincomenetoftaxattributabletononcontrollinginterest": 140462000,
            "othercomprehensiveincomelossnetoftax": 447241000
        },
        {
            "date": "2022-08-30",
            "symbol": "ACN",
            "period": "FY",
            "revenues": 27518449000,
            "costofgoodsandservicessold": 41892766000,
            "sellingandmarketingexpense": 6108401000,
            "generalandadministrativeexpense": 4225957000,
            "costsandexpenses": 52227124000,
            "operatingincomeloss": 1952978000,
            "investmentincomeinterest": 45133000,
            "interestexpense": 47320000,
            "othernonoperatingincomeexpense": -72533000,
            "disposalgroupnotdiscontinuedoperationgainlossondisposal": -96294000,
            "incomelossfromcontinuingoperationsbeforeincometaxesextraordinaryitemsnoncontrollinginterest": 9196167000,
            "incometaxexpensebenefit": 2207207000,
            "incomelossfromcontinuingoperationsincludingportionattributabletononcontrollinginterest": 111791000,
            "noncontrollinginterestinnetincomelossothernoncontrollinginterestsredeemable": 7348000,
            "noncontrollinginterestinnetincomelossothernoncontrollinginterestsnonredeemable": 104443000,
            "netincomeloss": 6877169000,
            "weightedaveragenumberofsharesoutstandingbasic": 632762710,
            "weightedaveragenumberofdilutedsharesoutstanding": 642839181,
            "earningspersharebasic": 10.87,
            "earningspersharediluted": 10.71,
            "commonstockdividendspersharecashpaid": 0.97,
            "othercomprehensiveincomelossforeigncurrencytransactionandtranslationadjustmentnetoftax": -877256000,
            "othercomprehensiveincomelosspensionandotherpostretirementbenefitplansadjustmentnetoftax": -211187000,
            "othercomprehensiveincomelosscashflowhedgegainlossafterreclassificationandtax": -104776000,
            "othercomprehensiveincomelossnetoftaxportionattributabletoparent": -770845000,
            "othercomprehensiveincomelossnetoftaxportionattributabletononcontrollinginterest": -20186000,
            "comprehensiveincomenetoftaxincludingportionattributabletononcontrollinginterest": 6197929000,
            "comprehensiveincomenetoftax": 6106324000,
            "comprehensiveincomenetoftaxattributabletononcontrollinginterest": 91605000,
            "othercomprehensiveincomelossnetoftax": -791031000
        },
        {
            "date": "2021-08-30",
            "symbol": "ACN",
            "period": "FY",
            "revenues": 23195690000,
            "costofgoodsandservicessold": 34169261000,
            "sellingandmarketingexpense": 5288237000,
            "generalandadministrativeexpense": 3454362000,
            "costsandexpenses": 42911860000,
            "operatingincomeloss": 1477184000,
            "investmentincomeinterest": 33365000,
            "interestexpense": 59492000,
            "othernonoperatingincomeexpense": 165714000,
            "incomelossfromcontinuingoperationsbeforeincometaxesextraordinaryitemsnoncontrollinginterest": 7761116000,
            "incometaxexpensebenefit": 1770571000,
            "incomelossfromcontinuingoperationsincludingportionattributabletononcontrollinginterest": 83736000,
            "noncontrollinginterestinnetincomelossothernoncontrollinginterestsredeemable": 6539000,
            "noncontrollinginterestinnetincomelossothernoncontrollinginterestsnonredeemable": 77197000,
            "netincomeloss": 5906809000,
            "weightedaveragenumberofsharesoutstandingbasic": 634745073,
            "weightedaveragenumberofdilutedsharesoutstanding": 645909042,
            "earningspersharebasic": 9.31,
            "earningspersharediluted": 9.16,
            "commonstockdividendspersharecashpaid": 0.88,
            "othercomprehensiveincomelossforeigncurrencytransactionandtranslationadjustmentnetoftax": 35215000,
            "othercomprehensiveincomelosspensionandotherpostretirementbenefitplansadjustmentnetoftax": -55265000,
            "othercomprehensiveincomelosscashflowhedgegainlossafterreclassificationandtax": 51811000,
            "othercomprehensiveincomelossavailableforsalesecuritiesadjustmentnetoftax": 49000,
            "othercomprehensiveincomelossnetoftaxportionattributabletoparent": 142340000,
            "othercomprehensiveincomelossnetoftaxportionattributabletononcontrollinginterest": 1117000,
            "comprehensiveincomenetoftaxincludingportionattributabletononcontrollinginterest": 6134002000,
            "comprehensiveincomenetoftax": 6049149000,
            "comprehensiveincomenetoftaxattributabletononcontrollinginterest": 84853000
        },
        {
            "date": "2020-08-30",
            "symbol": "ACN",
            "period": "FY",
            "revenues": 44327039000,
            "costofrevenue": 30350881000,
            "sellingandmarketingexpense": 4625929000,
            "generalandadministrativeexpense": 2836585000,
            "costsandexpenses": 37813395000,
            "operatingincomeloss": 6513644000,
            "investmentincomeinterest": 69331000,
            "interestexpense": 33071000,
            "othernonoperatingincomeexpense": 224427000,
            "incomelossfromcontinuingoperationsbeforeincometaxesminorityinterestandincomelossfromequitymethodinvestments": 6774331000,
            "incometaxexpensebenefit": 1589018000,
            "incomelossfromcontinuingoperationsincludingportionattributabletononcontrollinginterest": 5185313000,
            "noncontrollinginterestinnetincomelossothernoncontrollinginterestsredeemable": 6325000,
            "noncontrollinginterestinnetincomelossothernoncontrollinginterestsnonredeemable": 71149000,
            "netincomeloss": 5107839000,
            "weightedaveragenumberofsharesoutstandingbasic": 636299913,
            "weightedaveragenumberofdilutedsharesoutstanding": 647797003,
            "earningspersharebasic": 8.03,
            "earningspersharediluted": 7.89,
            "commonstockdividendspersharecashpaid": 3.2,
            "othercomprehensiveincomelossforeigncurrencytransactionandtranslationadjustmentnetoftax": 197696000,
            "othercomprehensiveincomelosspensionandotherpostretirementbenefitplansadjustmentnetoftax": -57100000,
            "othercomprehensiveincomelossderivativesqualifyingashedgesnetoftax": 24721000,
            "othercomprehensiveincomelossavailableforsalesecuritiesadjustmentnetoftax": -777000,
            "othercomprehensiveincomelossnetoftaxportionattributabletoparent": 278740000,
            "othercomprehensiveincomelossnetoftaxportionattributabletononcontrollinginterest": -8243000,
            "comprehensiveincomenetoftaxincludingportionattributabletononcontrollinginterest": 5472296000,
            "comprehensiveincomenetoftax": 5386579000,
            "comprehensiveincomenetoftaxattributabletononcontrollinginterest": 85717000
        },
        {
            "date": "2019-08-30",
            "symbol": "ACN",
            "period": "FY",
            "revenues": 43215013000,
            "costofrevenue": 29900325000,
            "sellingandmarketingexpense": 4447456000,
            "generalandadministrativeexpense": 2562158000,
            "costsandexpenses": 36909939000,
            "operatingincomeloss": 6305074000,
            "investmentincomeinterest": 87508000,
            "interestexpense": 22963000,
            "othernonoperatingincomeexpense": -117822000,
            "incomelossfromcontinuingoperationsbeforeincometaxesminorityinterestandincomelossfromequitymethodinvestments": 6251797000,
            "incometaxexpensebenefit": 1405556000,
            "incomelossfromcontinuingoperationsincludingportionattributabletononcontrollinginterest": 4846241000,
            "noncontrollinginterestinnetincomelossothernoncontrollinginterestsredeemable": 6694000,
            "noncontrollinginterestinnetincomelossothernoncontrollinginterestsnonredeemable": 60435000,
            "netincomeloss": 4779112000,
            "weightedaveragenumberofsharesoutstandingbasic": 638098125,
            "weightedaveragenumberofdilutedsharesoutstanding": 650204873,
            "earningspersharebasic": 7.49,
            "earningspersharediluted": 7.36,
            "commonstockdividendspersharecashpaid": 2.92,
            "othercomprehensiveincomelossforeigncurrencytransactionandtranslationadjustmentnetoftax": -132707000,
            "othercomprehensiveincomelosspensionandotherpostretirementbenefitplansadjustmentnetoftax": 253039000,
            "othercomprehensiveincomelossderivativesqualifyingashedgesnetoftax": 123003000,
            "othercomprehensiveincomelossavailableforsalesecuritiesadjustmentnetoftax": -1663000,
            "othercomprehensiveincomelossnetoftaxportionattributabletoparent": -264406000,
            "othercomprehensiveincomelossnetoftaxportionattributabletononcontrollinginterest": 6749000,
            "comprehensiveincomenetoftaxincludingportionattributabletononcontrollinginterest": 4575086000,
            "comprehensiveincomenetoftax": 4514706000,
            "comprehensiveincomenetoftaxattributabletononcontrollinginterest": -60380000
        }
    ],
    "ORCL": [
        {
            "date": "2024-05-30",
            "symbol": "ORCL",
            "period": "FY",
            "cloudservicesandlicensesupportrevenue": 39383000000,
            "cloudlicenseandonpremiselicenserevenue": 5081000000,
            "hardwarerevenues": 3066000000,
            "salesrevenueservicesnet1": 5431000000,
            "revenuefromcontractwithcustomerexcludingassessedtax": 52961000000,
            "cloudservicesandlicensesupportexpenses": 9427000000,
            "hardwareexpenses": 891000000,
            "servicesexpense": 4825000000,
            "sellingandmarketingexpense": 8274000000,
            "researchanddevelopmentexpense": 8915000000,
            "generalandadministrativeexpense": 1548000000,
            "amortizationofintangibleassets": 3010000000,
            "businesscombinationacquisitionrelatedcosts": 314000000,
            "restructuringcharges": 404000000,
            "costsandexpenses": 37608000000,
            "operatingincomeloss": 15353000000,
            "interestexpense": 3514000000,
            "nonoperatingincomeexpenseincludingeliminationofnetincomelossattributabletononcontrollinginterests": -98000000,
            "incomelossfromcontinuingoperationsincludingnoncontrollinginterestbeforeincometaxesextraordinaryitems": 11741000000,
            "incometaxexpensebenefit": 1274000000,
            "netincomeloss": 10467000000,
            "earningspersharebasic": 3.82,
            "earningspersharediluted": 3.71,
            "weightedaveragenumberofsharesoutstandingbasic": 2744000000,
            "weightedaveragenumberofdilutedsharesoutstanding": 2823000000,
            "othercomprehensiveincomeforeigncurrencytransactionandtranslationadjustmentnetoftaxportionattributabletoparent": -17000000,
            "othercomprehensiveincomedefinedbenefitplansadjustmentnetoftaxportionattributabletoparent": -31000000,
            "othercomprehensiveincomelosscashflowhedgegainlossafterreclassificationandtaxparent": 77000000,
            "othercomprehensiveincomeothernetoftax": -1000000,
            "othercomprehensiveincomelossnetoftaxportionattributabletoparent": 90000000,
            "comprehensiveincomenetoftax": 10557000000
        },
        {
            "date": "2023-05-30",
            "symbol": "ORCL",
            "period": "FY",
            "cloudservicesandlicensesupportrevenue": 35307000000,
            "cloudlicenseandonpremiselicenserevenue": 5779000000,
            "hardwarerevenues": 3274000000,
            "salesrevenueservicesnet1": 5594000000,
            "revenuefromcontractwithcustomerexcludingassessedtax": 49954000000,
            "cloudservicesandlicensesupportexpenses": 7763000000,
            "hardwareexpenses": 1040000000,
            "servicesexpense": 4761000000,
            "sellingandmarketingexpense": 8833000000,
            "researchanddevelopmentexpense": 8623000000,
            "generalandadministrativeexpense": 1579000000,
            "amortizationofintangibleassets": 3582000000,
            "businesscombinationacquisitionrelatedcosts": 190000000,
            "restructuringcharges": 490000000,
            "costsandexpenses": 36861000000,
            "operatingincomeloss": 13093000000,
            "interestexpense": 3505000000,
            "nonoperatingincomeexpenseincludingeliminationofnetincomelossattributabletononcontrollinginterests": -462000000,
            "incomelossfromcontinuingoperationsincludingnoncontrollinginterestbeforeincometaxesextraordinaryitems": 9126000000,
            "incometaxexpensebenefit": 623000000,
            "netincomeloss": 8503000000,
            "earningspersharebasic": 3.15,
            "earningspersharediluted": 3.07,
            "weightedaveragenumberofsharesoutstandingbasic": 2696000000,
            "weightedaveragenumberofdilutedsharesoutstanding": 2766000000,
            "othercomprehensiveincomeforeigncurrencytransactionandtranslationadjustmentnetoftaxportionattributabletoparent": -204000000,
            "othercomprehensiveincomedefinedbenefitplansadjustmentnetoftaxportionattributabletoparent": -271000000,
            "othercomprehensiveincomeothernetoftax": 103000000,
            "othercomprehensiveincomelossnetoftaxportionattributabletoparent": 170000000,
            "comprehensiveincomenetoftax": 8673000000
        },
        {
            "date": "2022-05-30",
            "symbol": "ORCL",
            "period": "FY",
            "cloudservicesandlicensesupportrevenue": 30174000000,
            "cloudlicenseandonpremiselicenserevenue": 5878000000,
            "hardwarerevenues": 3183000000,
            "salesrevenueservicesnet1": 3205000000,
            "revenuefromcontractwithcustomerexcludingassessedtax": 42440000000,
            "cloudservicesandlicensesupportexpenses": 5213000000,
            "hardwareexpenses": 972000000,
            "servicesexpense": 2692000000,
            "sellingandmarketingexpense": 8047000000,
            "researchanddevelopmentexpense": 7219000000,
            "generalandadministrativeexpense": 1317000000,
            "amortizationofintangibleassets": 1150000000,
            "businesscombinationacquisitionrelatedcosts": 4713000000,
            "restructuringcharges": 191000000,
            "costsandexpenses": 31514000000,
            "operatingincomeloss": 10926000000,
            "interestexpense": 2755000000,
            "nonoperatingincomeexpenseincludingeliminationofnetincomelossattributabletononcontrollinginterests": -522000000,
            "incomelossfromcontinuingoperationsincludingnoncontrollinginterestbeforeincometaxesextraordinaryitems": 7649000000,
            "incometaxexpensebenefit": 932000000,
            "netincomeloss": 6717000000,
            "earningspersharebasic": 2.49,
            "earningspersharediluted": 2.41,
            "weightedaveragenumberofsharesoutstandingbasic": 2700000000,
            "weightedaveragenumberofdilutedsharesoutstanding": 2786000000,
            "othercomprehensiveincomeforeigncurrencytransactionandtranslationadjustmentnetoftaxportionattributabletoparent": -707000000,
            "othercomprehensiveincomedefinedbenefitplansadjustmentnetoftaxportionattributabletoparent": -190000000,
            "othercomprehensiveincomelossnetoftaxportionattributabletoparent": -517000000,
            "comprehensiveincomenetoftax": 6200000000
        },
        {
            "date": "2021-05-30",
            "symbol": "ORCL",
            "period": "FY",
            "cloudservicesandlicensesupportrevenue": 28700000000,
            "cloudlicenseandonpremiselicenserevenue": 5399000000,
            "hardwarerevenues": 3359000000,
            "salesrevenueservicesnet1": 3021000000,
            "revenuefromcontractwithcustomerexcludingassessedtax": 28700000000,
            "cloudservicesandlicensesupportexpenses": 4133000000,
            "hardwareexpenses": 972000000,
            "servicesexpense": 2530000000,
            "sellingandmarketingexpense": 388000000,
            "researchanddevelopmentexpense": 6527000000,
            "generalandadministrativeexpense": 1254000000,
            "amortizationofintangibleassets": 89000000,
            "businesscombinationacquisitionrelatedcosts": 138000000,
            "restructuringcharges": 430000000,
            "costsandexpenses": 25266000000,
            "operatingincomeloss": 25823000000,
            "interestexpense": 2496000000,
            "nonoperatingincomeexpenseincludingeliminationofnetincomelossattributabletononcontrollinginterests": 282000000,
            "incomelossfromcontinuingoperationsincludingnoncontrollinginterestbeforeincometaxesextraordinaryitems": 12999000000,
            "incometaxexpensebenefit": -747000000,
            "netincomeloss": 13746000000,
            "earningspersharebasic": 4.67,
            "earningspersharediluted": 4.55,
            "weightedaveragenumberofsharesoutstandingbasic": 2945000000,
            "weightedaveragenumberofdilutedsharesoutstanding": 3022000000,
            "othercomprehensiveincomeforeigncurrencytransactionandtranslationadjustmentnetoftaxportionattributabletoparent": 479000000,
            "othercomprehensiveincomedefinedbenefitplansadjustmentnetoftaxportionattributabletoparent": -71000000,
            "othercomprehensiveincomeavailableforsalesecuritiesadjustmentnetoftaxportionattributabletoparent": -1000000,
            "othercomprehensiveincomelosscashflowhedgegainlossafterreclassificationandtaxparent": -8000000,
            "othercomprehensiveincomelossnetoftaxportionattributabletoparent": 541000000,
            "comprehensiveincomenetoftax": 14287000000
        },
        {
            "date": "2020-05-30",
            "symbol": "ORCL",
            "period": "FY",
            "cloudservicesandlicensesupportrevenue": 27392000000,
            "cloudlicenseandonpremiselicenserevenue": 5127000000,
            "hardwarerevenues": 3443000000,
            "salesrevenueservicesnet1": 3106000000,
            "revenuefromcontractwithcustomerexcludingassessedtax": 27392000000,
            "cloudservicesandlicensesupportexpenses": 3803000000,
            "hardwareexpenses": 1116000000,
            "servicesexpense": 2816000000,
            "sellingandmarketingexpense": 456000000,
            "researchanddevelopmentexpense": 6067000000,
            "generalandadministrativeexpense": 1181000000,
            "amortizationofintangibleassets": 121000000,
            "businesscombinationacquisitionrelatedcosts": 56000000,
            "restructuringcharges": 261000000,
            "costsandexpenses": 25172000000,
            "operatingincomeloss": 23914000000,
            "interestexpense": 1995000000,
            "nonoperatingincomeexpenseincludingeliminationofnetincomelossattributabletononcontrollinginterests": 162000000,
            "incomelossfromcontinuingoperationsincludingnoncontrollinginterestbeforeincometaxesextraordinaryitems": 12063000000,
            "incometaxexpensebenefit": 1928000000,
            "netincomeloss": 10135000000,
            "earningspersharebasic": 3.16,
            "earningspersharediluted": 3.08,
            "weightedaveragenumberofsharesoutstandingbasic": 3211000000,
            "weightedaveragenumberofdilutedsharesoutstanding": 3294000000,
            "othercomprehensiveincomeforeigncurrencytransactionandtranslationadjustmentnetoftaxportionattributabletoparent": -78000000,
            "othercomprehensiveincomedefinedbenefitplansadjustmentnetoftaxportionattributabletoparent": 79000000,
            "othercomprehensiveincomeavailableforsalesecuritiesadjustmentnetoftaxportionattributabletoparent": 91000000,
            "othercomprehensiveincomelosscashflowhedgegainlossafterreclassificationandtaxparent": -22000000,
            "othercomprehensiveincomelossnetoftaxportionattributabletoparent": -88000000,
            "comprehensiveincomenetoftax": 10047000000
        }
    ],
    "DXC": [
        {
            "date": "2024-03-30",
            "symbol": "DXC",
            "period": "FY",
            "revenues": 13667000000,
            "costofgoodsandserviceexcludingdepreciationdepletionandamortization": 10576000000,
            "sellinggeneralandadministrativeexpense": 1244000000,
            "depreciationandamortization": 1404000000,
            "restructuringcharges": 111000000,
            "interestexpense": 298000000,
            "interestincomeoperating": 214000000,
            "gainlossonsaleofbusiness": 79000000,
            "otheroperatingincomeexpensenet": -218000000,
            "costsandexpenses": 13558000000,
            "incomelossfromcontinuingoperationsbeforeincometaxesextraordinaryitemsnoncontrollinginterest": 109000000,
            "incometaxexpensebenefit": 23000000,
            "profitloss": 86000000,
            "netincomelossattributabletononcontrollinginterest": -5000000,
            "netincomeloss": 91000000,
            "earningspersharebasic": 0.46,
            "earningspersharediluted": 0.46,
            "othercomprehensiveincomelossforeigncurrencytransactionandtranslationadjustmentnetoftax": 39000000,
            "othercomprehensiveincomelosscashflowhedgegainlossafterreclassificationandtax": 7000000,
            "othercomprehensiveincomedefinedbenefitplannetpriorservicecostscreditarisingduringperiodnetoftax": 6000000,
            "othercomprehensiveincomelossamortizationadjustmentfromaocipensionandotherpostretirementbenefitplansfornetpriorservicecostcreditnetoftax": -5000000,
            "othercomprehensiveincomelosspensionandotherpostretirementbenefitplansadjustmentnetoftax": 11000000,
            "othercomprehensiveincomelossnetoftax": 35000000,
            "comprehensiveincomenetoftaxincludingportionattributabletononcontrollinginterest": 121000000,
            "comprehensiveincomenetoftaxattributabletononcontrollinginterest": -12000000,
            "comprehensiveincomenetoftax": 133000000,
            "othercomprehensiveincomelossforeigncurrencytranslationadjustmenttax": -4000000,
            "othercomprehensiveincomelosscashflowhedgegainlossafterreclassificationtax": 3000000,
            "othercomprehensiveincomelossamortizationadjustmentfromaocipensionandotherpostretirementbenefitplansfornetpriorservicecostcredittax": 1000000
        },
        {
            "date": "2023-03-30",
            "symbol": "DXC",
            "period": "FY",
            "revenues": 14430000000,
            "costofgoodsandserviceexcludingdepreciationdepletionandamortization": 11246000000,
            "sellinggeneralandadministrativeexpense": 1375000000,
            "depreciationandamortization": 1519000000,
            "restructuringcharges": -2000000,
            "interestexpense": 200000000,
            "interestincomeoperating": 135000000,
            "gainlossonsaleofbusiness": -25000000,
            "otheroperatingincomeexpensenet": -1084000000,
            "costsandexpenses": 15315000000,
            "incomelossfromcontinuingoperationsbeforeincometaxesextraordinaryitemsnoncontrollinginterest": -885000000,
            "incometaxexpensebenefit": -319000000,
            "profitloss": 2000000,
            "netincomelossattributabletononcontrollinginterest": 2000000,
            "netincomeloss": -568000000,
            "earningspersharebasic": -2.48,
            "earningspersharediluted": -2.48,
            "othercomprehensiveincomelossforeigncurrencytransactionandtranslationadjustmentnetoftax": -336000000,
            "othercomprehensiveincomelosscashflowhedgegainlossafterreclassificationandtax": -17000000,
            "othercomprehensiveincomedefinedbenefitplannetpriorservicecostscreditarisingduringperiodnetoftax": 2000000,
            "othercomprehensiveincomelossamortizationadjustmentfromaocipensionandotherpostretirementbenefitplansfornetpriorservicecostcreditnetoftax": -36000000,
            "othercomprehensiveincomelosspensionandotherpostretirementbenefitplansadjustmentnetoftax": 38000000,
            "othercomprehensiveincomelossnetoftax": -2000000,
            "comprehensiveincomenetoftaxincludingportionattributabletononcontrollinginterest": -957000000,
            "comprehensiveincomenetoftax": -957000000,
            "othercomprehensiveincomelossforeigncurrencytranslationadjustmenttax": 2000000,
            "othercomprehensiveincomelosscashflowhedgegainlossafterreclassificationtax": -6000000,
            "othercomprehensiveincomelosspensionandotherpostretirementbenefitplansbenefitplanimprovementtaxeffect": 1000000,
            "othercomprehensiveincomelossamortizationadjustmentfromaocipensionandotherpostretirementbenefitplansfornetpriorservicecostcredittax": 15000000
        },
        {
            "date": "2022-03-30",
            "symbol": "DXC",
            "period": "FY",
            "revenues": 2529000000,
            "costofgoodsandserviceexcludingdepreciationdepletionandamortization": 12683000000,
            "sellinggeneralandadministrativeexpense": 1408000000,
            "depreciationandamortization": 1717000000,
            "restructuringcharges": -4000000,
            "interestexpense": 204000000,
            "interestincomeoperating": 65000000,
            "gainslossesonextinguishmentofdebt": -311000000,
            "gainlossonsaleofbusiness": 53000000,
            "otheroperatingincomeexpensenet": 1081000000,
            "costsandexpenses": 15124000000,
            "incomelossfromcontinuingoperationsbeforeincometaxesextraordinaryitemsnoncontrollinginterest": 1141000000,
            "incometaxexpensebenefit": 405000000,
            "profitloss": 18000000,
            "netincomelossattributabletononcontrollinginterest": 18000000,
            "netincomeloss": 718000000,
            "earningspersharebasic": 2.87,
            "earningspersharediluted": 2.81,
            "othercomprehensiveincomelossforeigncurrencytransactionandtranslationadjustmentnetoftax": -86000000,
            "othercomprehensiveincomelosscashflowhedgegainlossafterreclassificationandtax": 11000000,
            "othercomprehensiveincomedefinedbenefitplannetpriorservicecostscreditarisingduringperiodnetoftax": -9000000,
            "othercomprehensiveincomelossamortizationadjustmentfromaocipensionandotherpostretirementbenefitplansfornetpriorservicecostcreditbeforetax": -6000000,
            "othercomprehensiveincomelosspensionandotherpostretirementbenefitplansadjustmentnetoftax": -3000000,
            "othercomprehensiveincomelossnetoftax": 11000000,
            "comprehensiveincomenetoftaxincludingportionattributabletononcontrollinginterest": 664000000,
            "comprehensiveincomenetoftaxattributabletononcontrollinginterest": 29000000,
            "comprehensiveincomenetoftax": 635000000,
            "othercomprehensiveincomelossforeigncurrencytranslationadjustmenttax": 5000000,
            "othercomprehensiveincomelosscashflowhedgegainlossafterreclassificationtax": 2000000,
            "othercomprehensiveincomelosspensionandotherpostretirementbenefitplansbenefitplanimprovementtaxeffect": -2000000,
            "othercomprehensiveincomelossamortizationadjustmentfromaocipensionandotherpostretirementbenefitplansfornetpriorservicecostcredittax": 2000000
        },
        {
            "date": "2021-03-30",
            "symbol": "DXC",
            "period": "FY",
            "revenues": 17729000000,
            "costofgoodsandserviceexcludingdepreciationdepletionandamortization": 14086000000,
            "sellinggeneralandadministrativeexpense": 2066000000,
            "depreciationandamortization": 1970000000,
            "restructuringcharges": 551000000,
            "interestexpense": 361000000,
            "interestincomeoperating": 98000000,
            "gainslossesonextinguishmentofdebt": -41000000,
            "gainlossonsaleofbusiness": 2004000000,
            "otheroperatingincomeexpensenet": -102000000,
            "costsandexpenses": 17075000000,
            "incomelossfromcontinuingoperationsbeforeincometaxesextraordinaryitemsnoncontrollinginterest": 654000000,
            "incometaxexpensebenefit": 800000000,
            "incomelossfromcontinuingoperationsincludingportionattributabletononcontrollinginterest": -146000000,
            "profitloss": -146000000,
            "netincomelossattributabletononcontrollinginterest": 3000000,
            "netincomeloss": -149000000,
            "incomelossfromcontinuingoperationsperbasicshare": -0.59,
            "earningspersharebasic": -0.59,
            "incomelossfromcontinuingoperationsperdilutedshare": -0.59,
            "earningspersharediluted": -0.59,
            "othercomprehensiveincomelossforeigncurrencytransactionandtranslationadjustmentnetoftax": 300000000,
            "othercomprehensiveincomelosscashflowhedgegainlossafterreclassificationandtax": 19000000,
            "othercomprehensiveincomelossavailableforsalesecuritiesadjustmentnetoftax": -9000000,
            "othercomprehensiveincomedefinedbenefitplannetpriorservicecostscreditarisingduringperiodnetoftax": -7000000,
            "othercomprehensiveincomelossamortizationadjustmentfromaocipensionandotherpostretirementbenefitplansfornetpriorservicecostcreditbeforetax": -13000000,
            "othercomprehensiveincomelosspensionandotherpostretirementbenefitplansadjustmentnetoftax": 6000000,
            "othercomprehensiveincomelossnetoftax": 304000000,
            "comprehensiveincomenetoftaxincludingportionattributabletononcontrollinginterest": 158000000,
            "comprehensiveincomenetoftaxattributabletononcontrollinginterest": 6000000,
            "comprehensiveincomenetoftax": 152000000,
            "othercomprehensiveincomelossforeigncurrencytranslationadjustmenttax": -27000000,
            "othercomprehensiveincomelosscashflowhedgegainlossafterreclassificationtax": 6000000,
            "othercomprehensiveincomelossavailableforsalesecuritiestax": -1000000,
            "othercomprehensiveincomelosspensionandotherpostretirementbenefitplansbenefitplanimprovementtaxeffect": -2000000,
            "othercomprehensiveincomelossamortizationadjustmentfromaocipensionandotherpostretirementbenefitplansfornetpriorservicecostcredittax": 4000000
        },
        {
            "date": "2020-03-30",
            "symbol": "DXC",
            "period": "FY",
            "profitloss": -5358000000,
            "othercomprehensiveincomelossforeigncurrencytransactionandtranslationadjustmentnetoftax": -323000000,
            "othercomprehensiveincomelosscashflowhedgegainlossafterreclassificationandtax": -17000000,
            "othercomprehensiveincomelossamortizationadjustmentfromaocipensionandotherpostretirementbenefitplansfornetpriorservicecostcreditbeforetax": -8000000,
            "othercomprehensiveincomelosspensionandotherpostretirementbenefitplansadjustmentnetoftax": 8000000,
            "othercomprehensiveincomelossnetoftax": -348000000,
            "comprehensiveincomenetoftaxincludingportionattributabletononcontrollinginterest": -5706000000,
            "comprehensiveincomenetoftaxattributabletononcontrollinginterest": 22000000,
            "comprehensiveincomenetoftax": -5728000000,
            "othercomprehensiveincomelossforeigncurrencytranslationadjustmenttax": -2000000,
            "othercomprehensiveincomelosscashflowhedgegainlossafterreclassificationtax": -5000000,
            "othercomprehensiveincomelossamortizationadjustmentfromaocipensionandotherpostretirementbenefitplansfornetpriorservicecostcredittax": 1000000,
            "revenues": 19577000000,
            "costofgoodsandserviceexcludingdepreciationdepletionandamortization": 14901000000,
            "sellinggeneralandadministrativeexpense": 2050000000,
            "depreciationandamortization": 1942000000,
            "goodwillimpairmentloss": 6794000000,
            "restructuringcharges": 252000000,
            "interestexpense": 383000000,
            "interestincomeoperating": 165000000,
            "gainlossrelatedtolitigationsettlement": 632000000,
            "otheroperatingincomeexpensenet": 720000000,
            "costsandexpenses": 24805000000,
            "incomelossfromcontinuingoperationsbeforeincometaxesextraordinaryitemsnoncontrollinginterest": -5228000000,
            "incometaxexpensebenefit": 130000000,
            "incomelossfromcontinuingoperationsincludingportionattributabletononcontrollinginterest": -5358000000,
            "incomelossfromdiscontinuedoperationsnetoftax": 35000000,
            "netincomelossattributabletononcontrollinginterest": 11000000,
            "netincomeloss": -5369000000,
            "incomelossfromcontinuingoperationsperbasicshare": -20.76,
            "earningspersharebasic": -20.76,
            "incomelossfromcontinuingoperationsperdilutedshare": -20.76,
            "earningspersharediluted": -20.76
        }
    ],
    "INTC": [
        {
            "date": "2023-12-29",
            "symbol": "INTC",
            "period": "FY",
            "revenuefromcontractwithcustomerexcludingassessedtax": 54228000000,
            "costofgoodsandservicessold": 32517000000,
            "grossprofit": 21711000000,
            "researchanddevelopmentexpense": 16046000000,
            "sellinggeneralandadministrativeexpense": 5634000000,
            "restructuringsettlementandimpairmentprovisions": -62000000,
            "operatingexpenses": 21618000000,
            "operatingincomeloss": 93000000,
            "equitysecuritiesfvnigainloss": 40000000,
            "nonoperatingincomeexpense": 629000000,
            "incomelossfromcontinuingoperationsbeforeincometaxesextraordinaryitemsnoncontrollinginterest": 762000000,
            "incometaxexpensebenefit": -913000000,
            "profitloss": 1675000000,
            "netincomelossattributabletononcontrollinginterest": -14000000,
            "netincomeloss": 1689000000,
            "earningspersharebasic": 0.4,
            "earningspersharediluted": 0.4,
            "weightedaveragenumberofsharesoutstandingbasic": 4190000000,
            "weightedaveragenumberofdilutedsharesoutstanding": 4212000000,
            "othercomprehensiveincomelosscashflowhedgegainlossafterreclassificationandtaxparent": 272000000,
            "othercomprehensiveincomedefinedbenefitplansnetunamortizedgainlossarisingduringperiodnetoftax": 66000000,
            "othercomprehensiveincomeforeigncurrencytransactionandtranslationgainlossarisingduringperiodnetoftax": 9000000,
            "othercomprehensiveincomelossnetoftax": 347000000,
            "comprehensiveincomenetoftaxincludingportionattributabletononcontrollinginterest": 2022000000,
            "comprehensiveincomenetoftaxattributabletononcontrollinginterest": -14000000,
            "comprehensiveincomenetoftax": 2036000000
        },
        {
            "date": "2022-12-30",
            "symbol": "INTC",
            "period": "FY",
            "revenuefromcontractwithcustomerexcludingassessedtax": 63054000000,
            "costofgoodsandservicessold": 36188000000,
            "grossprofit": 26866000000,
            "researchanddevelopmentexpense": 17528000000,
            "sellinggeneralandadministrativeexpense": 7002000000,
            "restructuringsettlementandimpairmentprovisions": 2000000,
            "operatingexpenses": 24532000000,
            "operatingincomeloss": 2334000000,
            "equitysecuritiesfvnigainloss": 4268000000,
            "nonoperatingincomeexpense": 1166000000,
            "incomelossfromcontinuingoperationsbeforeincometaxesextraordinaryitemsnoncontrollinginterest": 7768000000,
            "incometaxexpensebenefit": -249000000,
            "profitloss": 8017000000,
            "netincomelossattributabletononcontrollinginterest": 3000000,
            "netincomeloss": 8014000000,
            "earningspersharebasic": 1.95,
            "earningspersharediluted": 1.94,
            "weightedaveragenumberofsharesoutstandingbasic": 4108000000,
            "weightedaveragenumberofdilutedsharesoutstanding": 4123000000,
            "othercomprehensiveincomelosscashflowhedgegainlossafterreclassificationandtaxparent": -510000000,
            "othercomprehensiveincomedefinedbenefitplansnetunamortizedgainlossarisingduringperiodnetoftax": 855000000,
            "othercomprehensiveincomeforeigncurrencytransactionandtranslationgainlossarisingduringperiodnetoftax": -27000000,
            "othercomprehensiveincomelossnetoftax": 318000000,
            "comprehensiveincomenetoftaxincludingportionattributabletononcontrollinginterest": 8335000000,
            "comprehensiveincomenetoftaxattributabletononcontrollinginterest": 3000000,
            "comprehensiveincomenetoftax": 8332000000
        },
        {
            "date": "2021-12-24",
            "symbol": "INTC",
            "period": "FY",
            "revenuefromcontractwithcustomerexcludingassessedtax": 79024000000,
            "costofgoodsandservicessold": 35209000000,
            "grossprofit": 43815000000,
            "researchanddevelopmentexpense": 15190000000,
            "sellinggeneralandadministrativeexpense": 6543000000,
            "restructuringsettlementandimpairmentprovisions": 2626000000,
            "operatingexpenses": 24359000000,
            "operatingincomeloss": 19456000000,
            "gainlossoninvestments": 2729000000,
            "nonoperatingincomeexpense": -482000000,
            "incomelossfromcontinuingoperationsbeforeincometaxesextraordinaryitemsnoncontrollinginterest": 21703000000,
            "incometaxexpensebenefit": 1835000000,
            "netincomeloss": 19868000000,
            "earningspersharebasic": 4.89,
            "earningspersharediluted": 4.86,
            "weightedaveragenumberofsharesoutstandingbasic": 4059000000,
            "weightedaveragenumberofdilutedsharesoutstanding": 4090000000,
            "othercomprehensiveincomelosscashflowhedgegainlossafterreclassificationandtaxparent": -520000000,
            "othercomprehensiveincomedefinedbenefitplansnetunamortizedgainlossarisingduringperiodnetoftax": 451000000,
            "othercomprehensiveincomeforeigncurrencytransactionandtranslationgainlossarisingduringperiodnetoftax": -60000000,
            "othercomprehensiveincomelossnetoftax": -129000000,
            "comprehensiveincomenetoftax": 19739000000
        },
        {
            "date": "2020-12-25",
            "symbol": "INTC",
            "period": "FY",
            "revenuefromcontractwithcustomerexcludingassessedtax": 77867000000,
            "costofgoodsandservicessold": 34255000000,
            "grossprofit": 43612000000,
            "researchanddevelopmentexpense": 13556000000,
            "sellinggeneralandadministrativeexpense": 6180000000,
            "restructuringsettlementandimpairmentprovisions": 198000000,
            "operatingexpenses": 19934000000,
            "operatingincomeloss": 23678000000,
            "gainlossoninvestments": 1904000000,
            "nonoperatingincomeexpense": -504000000,
            "incomelossfromcontinuingoperationsbeforeincometaxesextraordinaryitemsnoncontrollinginterest": 25078000000,
            "incometaxexpensebenefit": 4179000000,
            "netincomeloss": 20899000000,
            "earningspersharebasic": 4.98,
            "earningspersharediluted": 4.94,
            "weightedaveragenumberofsharesoutstandingbasic": 4199000000,
            "weightedaveragenumberofdilutedsharesoutstanding": 4232000000,
            "othercomprehensiveincomelossderivativesqualifyingashedgesnetoftax": 677000000,
            "othercomprehensiveincomedefinedbenefitplansnetunamortizedgainlossarisingduringperiodnetoftax": -183000000,
            "othercomprehensiveincomeforeigncurrencytransactionandtranslationgainlossarisingduringperiodnetoftax": 35000000,
            "othercomprehensiveincomelossnetoftax": 529000000,
            "comprehensiveincomenetoftax": 21428000000
        },
        {
            "date": "2019-12-27",
            "symbol": "INTC",
            "period": "FY",
            "netincomeloss": 21048000000,
            "othercomprehensiveincomelossderivativesqualifyingashedgesnetoftax": 177000000,
            "othercomprehensiveincomedefinedbenefitplansnetunamortizedgainlossarisingduringperiodnetoftax": -564000000,
            "othercomprehensiveincomeforeigncurrencytransactionandtranslationgainlossarisingduringperiodnetoftax": 81000000,
            "othercomprehensiveincomelossnetoftax": -306000000,
            "comprehensiveincomenetoftax": 20742000000,
            "revenuefromcontractwithcustomerexcludingassessedtax": 71965000000,
            "costofgoodsandservicessold": 29825000000,
            "grossprofit": 42140000000,
            "researchanddevelopmentexpense": 13362000000,
            "sellinggeneralandadministrativeexpense": 6150000000,
            "restructuringsettlementandimpairmentprovisions": 393000000,
            "depreciationandamortization": 200000000,
            "operatingexpenses": 20105000000,
            "operatingincomeloss": 22035000000,
            "gainlossoninvestments": 1539000000,
            "nonoperatingincomeexpense": 484000000,
            "incomelossfromcontinuingoperationsbeforeincometaxesextraordinaryitemsnoncontrollinginterest": 24058000000,
            "incometaxexpensebenefit": 3010000000,
            "earningspersharebasic": 4.77,
            "earningspersharediluted": 4.71,
            "weightedaveragenumberofsharesoutstandingbasic": 4417000000,
            "weightedaveragenumberofdilutedsharesoutstanding": 4473000000
        }
    ],
    "MSFT": [
        {
            "date": "2024-06-29",
            "symbol": "MSFT",
            "period": "FY",
            "revenuefromcontractwithcustomerexcludingassessedtax": 137400000000,
            "costofgoodsandservicessold": 74114000000,
            "grossprofit": 171008000000,
            "researchanddevelopmentexpense": 29510000000,
            "sellingandmarketingexpense": 24456000000,
            "generalandadministrativeexpense": 7609000000,
            "operatingincomeloss": 109433000000,
            "nonoperatingincomeexpense": -1646000000,
            "incomelossfromcontinuingoperationsbeforeincometaxesextraordinaryitemsnoncontrollinginterest": 107787000000,
            "incometaxexpensebenefit": 19651000000,
            "netincomeloss": 88136000000,
            "earningspersharebasic": 11.86,
            "earningspersharediluted": 11.8,
            "weightedaveragenumberofsharesoutstandingbasic": 7431000000,
            "weightedaveragenumberofdilutedsharesoutstanding": 7469000000,
            "othercomprehensiveincomelosscashflowhedgegainlossafterreclassificationandtax": 24000000,
            "othercomprehensiveincomelossavailableforsalesecuritiesadjustmentnetoftax": 957000000,
            "othercomprehensiveincomelossforeigncurrencytransactionandtranslationadjustmentnetoftax": -228000000,
            "othercomprehensiveincomelossnetoftaxportionattributabletoparent": -228000000,
            "comprehensiveincomenetoftax": 88889000000
        },
        {
            "date": "2023-06-29",
            "symbol": "MSFT",
            "period": "FY",
            "revenuefromcontractwithcustomerexcludingassessedtax": 111600000000,
            "costofgoodsandservicessold": 65863000000,
            "grossprofit": 146052000000,
            "researchanddevelopmentexpense": 27195000000,
            "sellingandmarketingexpense": 22759000000,
            "generalandadministrativeexpense": 7575000000,
            "operatingincomeloss": 88523000000,
            "nonoperatingincomeexpense": 788000000,
            "incomelossfromcontinuingoperationsbeforeincometaxesextraordinaryitemsnoncontrollinginterest": 89311000000,
            "incometaxexpensebenefit": 16950000000,
            "netincomeloss": 72361000000,
            "earningspersharebasic": 9.72,
            "earningspersharediluted": 9.68,
            "weightedaveragenumberofsharesoutstandingbasic": 7446000000,
            "weightedaveragenumberofdilutedsharesoutstanding": 7472000000,
            "othercomprehensiveincomelosscashflowhedgegainlossafterreclassificationandtax": -14000000,
            "othercomprehensiveincomelossavailableforsalesecuritiesadjustmentnetoftax": -1444000000,
            "othercomprehensiveincomelossforeigncurrencytransactionandtranslationadjustmentnetoftax": -207000000,
            "othercomprehensiveincomelossnetoftaxportionattributabletoparent": -207000000,
            "comprehensiveincomenetoftax": 70696000000
        },
        {
            "date": "2022-06-29",
            "symbol": "MSFT",
            "period": "FY",
            "revenuefromcontractwithcustomerexcludingassessedtax": 91200000000,
            "costofgoodsandservicessold": 62650000000,
            "grossprofit": 135620000000,
            "researchanddevelopmentexpense": 24512000000,
            "sellingandmarketingexpense": 21825000000,
            "generalandadministrativeexpense": 5900000000,
            "operatingincomeloss": 83383000000,
            "nonoperatingincomeexpense": 333000000,
            "incomelossfromcontinuingoperationsbeforeincometaxesextraordinaryitemsnoncontrollinginterest": 83716000000,
            "incometaxexpensebenefit": 10978000000,
            "netincomeloss": 72738000000,
            "earningspersharebasic": 9.7,
            "earningspersharediluted": 9.65,
            "weightedaveragenumberofsharesoutstandingbasic": 7496000000,
            "weightedaveragenumberofdilutedsharesoutstanding": 7540000000,
            "othercomprehensiveincomelosscashflowhedgegainlossafterreclassificationandtax": 6000000,
            "othercomprehensiveincomelossavailableforsalesecuritiesadjustmentnetoftax": -5360000000,
            "othercomprehensiveincomelossforeigncurrencytransactionandtranslationadjustmentnetoftax": -1146000000,
            "othercomprehensiveincomelossnetoftaxportionattributabletoparent": -1146000000,
            "comprehensiveincomenetoftax": 66238000000
        },
        {
            "date": "2019-06-29",
            "symbol": "MSFT",
            "period": "FY",
            "revenuefromcontractwithcustomerexcludingassessedtax": 38100000000,
            "costofgoodsandservicessold": 42910000000,
            "grossprofit": 82933000000,
            "researchanddevelopmentexpense": 16876000000,
            "sellingandmarketingexpense": 18213000000,
            "generalandadministrativeexpense": 4885000000,
            "operatingincomeloss": 12820000000,
            "nonoperatingincomeexpense": 729000000,
            "incomelossfromcontinuingoperationsbeforeincometaxesminorityinterestandincomelossfromequitymethodinvestments": 43688000000,
            "incometaxexpensebenefit": -2600000000,
            "netincomeloss": 39240000000,
            "earningspersharebasic": 5.11,
            "earningspersharediluted": 5.06,
            "weightedaveragenumberofsharesoutstandingbasic": 7673000000,
            "weightedaveragenumberofdilutedsharesoutstanding": 7753000000,
            "othercomprehensiveincomelossderivativesqualifyingashedgesnetoftax": -173000000,
            "othercomprehensiveincomelossavailableforsalesecuritiesadjustmentnetoftax": 2405000000,
            "othercomprehensiveincomelossforeigncurrencytransactionandtranslationadjustmentnetoftax": -318000000,
            "othercomprehensiveincomelossnetoftaxportionattributabletoparent": -318000000,
            "comprehensiveincomenetoftax": 41154000000
        },
        {
            "date": "2018-06-29",
            "symbol": "MSFT",
            "period": "FY",
            "revenuefromcontractwithcustomerexcludingassessedtax": 23200000000,
            "costofgoodsandservicessold": 38353000000,
            "grossprofit": 72007000000,
            "researchanddevelopmentexpense": 14726000000,
            "sellingandmarketingexpense": 17469000000,
            "generalandadministrativeexpense": 4754000000,
            "operatingincomeloss": 10610000000,
            "nonoperatingincomeexpense": 1416000000,
            "incomelossfromcontinuingoperationsbeforeincometaxesminorityinterestandincomelossfromequitymethodinvestments": 36474000000,
            "incometaxexpensebenefit": 13700000000,
            "netincomeloss": 16571000000,
            "earningspersharebasic": 2.15,
            "earningspersharediluted": 2.13,
            "weightedaveragenumberofsharesoutstandingbasic": 7700000000,
            "weightedaveragenumberofdilutedsharesoutstanding": 7794000000,
            "commonstockdividendspersharedeclared": 1.68,
            "othercomprehensiveincomelossderivativesqualifyingashedgesnetoftax": 39000000,
            "othercomprehensiveincomelossavailableforsalesecuritiesadjustmentnetoftax": -2717000000,
            "othercomprehensiveincomelossforeigncurrencytransactionandtranslationadjustmentnetoftax": -178000000,
            "othercomprehensiveincomelossnetoftaxportionattributabletoparent": -178000000,
            "comprehensiveincomenetoftax": 13715000000
        }
    ],
    "GOOGL": [
        {
            "date": "2023-12-30",
            "symbol": "GOOGL",
            "period": "FY",
            "revenuefromcontractwithcustomerexcludingassessedtax": 307394000000,
            "costofrevenue": 133332000000,
            "researchanddevelopmentexpense": 45427000000,
            "sellingandmarketingexpense": 27917000000,
            "generalandadministrativeexpense": 16425000000,
            "costsandexpenses": 223101000000,
            "operatingincomeloss": 84293000000,
            "nonoperatingincomeexpense": 1424000000,
            "incomelossfromcontinuingoperationsbeforeincometaxesextraordinaryitemsnoncontrollinginterest": 85717000000,
            "incometaxexpensebenefit": 11922000000,
            "netincomeloss": 73795000000,
            "earningspersharebasic": 5.84,
            "earningspersharediluted": 5.8,
            "othercomprehensiveincomelossforeigncurrencytransactionandtranslationadjustmentnetoftax": 735000000,
            "othercomprehensiveincomeunrealizedholdinggainlossonsecuritiesarisingduringperiodnetoftax": 1344000000,
            "othercomprehensiveincomelossreclassificationadjustmentfromaociforsaleofsecuritiesnetoftax": -1168000000,
            "othercomprehensiveincomelossavailableforsalesecuritiesadjustmentnetoftax": 2512000000,
            "othercomprehensiveincomelosscashflowhedgegainlossbeforereclassificationaftertax": 168000000,
            "othercomprehensiveincomelosscashflowhedgegainlossreclassificationaftertax": 214000000,
            "othercomprehensiveincomelosscashflowhedgegainlossafterreclassificationandtax": -46000000,
            "othercomprehensiveincomelossnetoftax": 3201000000,
            "comprehensiveincomenetoftax": 76996000000,
            "othercomprehensiveincomelossavailableforsalesecuritiestax": 698000000,
            "othercomprehensiveincomelosscashflowhedgegainlossafterreclassificationtax": -2000000
        },
        {
            "date": "2022-12-31",
            "symbol": "GOOGL",
            "period": "FY",
            "revenuefromcontractwithcustomerexcludingassessedtax": 282836000000,
            "costofrevenue": 126203000000,
            "researchanddevelopmentexpense": 39500000000,
            "sellingandmarketingexpense": 26567000000,
            "generalandadministrativeexpense": 15724000000,
            "costsandexpenses": 207994000000,
            "operatingincomeloss": 74842000000,
            "nonoperatingincomeexpense": -3514000000,
            "incomelossfromcontinuingoperationsbeforeincometaxesextraordinaryitemsnoncontrollinginterest": 71328000000,
            "incometaxexpensebenefit": 11356000000,
            "netincomeloss": 59972000000,
            "earningspersharebasic": 4.59,
            "earningspersharediluted": 4.56,
            "othercomprehensiveincomelossforeigncurrencytransactionandtranslationadjustmentnetoftax": -1836000000,
            "othercomprehensiveincomeunrealizedholdinggainlossonsecuritiesarisingduringperiodnetoftax": -4720000000,
            "othercomprehensiveincomelossreclassificationadjustmentfromaociforsaleofsecuritiesnetoftax": -1007000000,
            "othercomprehensiveincomelossavailableforsalesecuritiesadjustmentnetoftax": -3713000000,
            "othercomprehensiveincomelosscashflowhedgegainlossbeforereclassificationaftertax": 1275000000,
            "othercomprehensiveincomelosscashflowhedgegainlossreclassificationaftertax": 1706000000,
            "othercomprehensiveincomelosscashflowhedgegainlossafterreclassificationandtax": -431000000,
            "othercomprehensiveincomelossnetoftax": -5980000000,
            "comprehensiveincomenetoftax": 53992000000,
            "othercomprehensiveincomelossavailableforsalesecuritiestax": -1056000000,
            "othercomprehensiveincomelosscashflowhedgegainlossafterreclassificationtax": -110000000
        },
        {
            "date": "2021-12-31",
            "symbol": "GOOGL",
            "period": "FY",
            "revenues": 257637000000,
            "costofrevenue": 110939000000,
            "researchanddevelopmentexpense": 31562000000,
            "sellingandmarketingexpense": 22912000000,
            "generalandadministrativeexpense": 13510000000,
            "costsandexpenses": 178923000000,
            "operatingincomeloss": 78714000000,
            "nonoperatingincomeexpense": 12020000000,
            "incomelossfromcontinuingoperationsbeforeincometaxesextraordinaryitemsnoncontrollinginterest": 90734000000,
            "incometaxexpensebenefit": 14701000000,
            "netincomeloss": 76033000000,
            "earningspersharebasic": 113.88,
            "earningspersharediluted": 112.2,
            "othercomprehensiveincomelossforeigncurrencytransactionandtranslationadjustmentnetoftax": -1442000000,
            "othercomprehensiveincomeunrealizedholdinggainlossonsecuritiesarisingduringperiodnetoftax": -1312000000,
            "othercomprehensiveincomelossreclassificationadjustmentfromaociforsaleofsecuritiesnetoftax": 64000000,
            "othercomprehensiveincomelossavailableforsalesecuritiesadjustmentnetoftax": -1376000000,
            "othercomprehensiveincomelosscashflowhedgegainlossbeforereclassificationaftertax": 716000000,
            "othercomprehensiveincomelosscashflowhedgegainlossreclassificationaftertax": 154000000,
            "othercomprehensiveincomelosscashflowhedgegainlossafterreclassificationandtax": 562000000,
            "othercomprehensiveincomelossnetoftax": -2256000000,
            "comprehensiveincomenetoftax": 73777000000,
            "othercomprehensiveincomelossavailableforsalesecuritiestax": -394000000,
            "othercomprehensiveincomelosscashflowhedgegainlossafterreclassificationtax": 122000000
        },
        {
            "date": "2020-12-31",
            "symbol": "GOOGL",
            "period": "FY",
            "revenues": 182527000000,
            "costofrevenue": 84732000000,
            "researchanddevelopmentexpense": 27573000000,
            "sellingandmarketingexpense": 17946000000,
            "generalandadministrativeexpense": 11052000000,
            "costsandexpenses": 141303000000,
            "operatingincomeloss": 41224000000,
            "nonoperatingincomeexpense": 6858000000,
            "incomelossfromcontinuingoperationsbeforeincometaxesminorityinterestandincomelossfromequitymethodinvestments": 48082000000,
            "incometaxexpensebenefit": 7813000000,
            "netincomeloss": 40269000000,
            "earningspersharebasic": 59.15,
            "earningspersharediluted": 58.61,
            "othercomprehensiveincomelossforeigncurrencytransactionandtranslationadjustmentnetoftax": 1139000000,
            "othercomprehensiveincomeunrealizedholdinggainlossonsecuritiesarisingduringperiodnetoftax": 1313000000,
            "othercomprehensiveincomelossreclassificationadjustmentfromaociforsaleofsecuritiesnetoftax": 513000000,
            "othercomprehensiveincomelossavailableforsalesecuritiesadjustmentnetoftax": 800000000,
            "othercomprehensiveincomelosscashflowhedgegainlossbeforereclassificationaftertax": 42000000,
            "othercomprehensiveincomelosscashflowhedgegainlossreclassificationaftertax": 116000000,
            "othercomprehensiveincomelosscashflowhedgegainlossafterreclassificationandtax": -74000000,
            "othercomprehensiveincomelossnetoftax": 1865000000,
            "comprehensiveincomenetoftax": 42134000000,
            "othercomprehensiveincomelossavailableforsalesecuritiestax": 230000000,
            "othercomprehensiveincomelosscashflowhedgegainlossafterreclassificationtax": -11000000
        },
        {
            "date": "2019-12-31",
            "symbol": "GOOGL",
            "period": "FY",
            "netincomeloss": 34343000000,
            "othercomprehensiveincomelossforeigncurrencytransactionandtranslationadjustmentnetoftax": -119000000,
            "othercomprehensiveincomeunrealizedholdinggainlossonsecuritiesarisingduringperiodnetoftax": 1611000000,
            "othercomprehensiveincomelossreclassificationadjustmentfromaociforsaleofsecuritiesnetoftax": 111000000,
            "othercomprehensiveincomelossavailableforsalesecuritiesadjustmentnetoftax": 1500000000,
            "othercomprehensiveincomelosscashflowhedgegainlossbeforereclassificationaftertax": 22000000,
            "othercomprehensiveincomelosscashflowhedgegainlossreclassificationaftertax": 299000000,
            "othercomprehensiveincomelosscashflowhedgegainlossafterreclassificationandtax": -277000000,
            "othercomprehensiveincomelossnetoftax": 1104000000,
            "comprehensiveincomenetoftax": 35447000000,
            "othercomprehensiveincomelossavailableforsalesecuritiestax": 221000000,
            "othercomprehensiveincomelosscashflowhedgegainlossafterreclassificationtax": 42000000,
            "revenuefromcontractwithcustomerexcludingassessedtax": 161857000000,
            "costofrevenue": 71896000000,
            "researchanddevelopmentexpense": 26018000000,
            "sellingandmarketingexpense": 18464000000,
            "generalandadministrativeexpense": 9551000000,
            "losscontingencylossinperiod": 1697000000,
            "costsandexpenses": 127626000000,
            "operatingincomeloss": 34231000000,
            "nonoperatingincomeexpense": 5394000000,
            "incomelossfromcontinuingoperationsbeforeincometaxesminorityinterestandincomelossfromequitymethodinvestments": 39625000000,
            "incometaxexpensebenefit": 5282000000,
            "earningspersharebasic": 49.59,
            "earningspersharediluted": 49.16
        }
    ],
    "AMZN": [
        {
            "date": "2023-12-30",
            "symbol": "AMZN",
            "period": "FY",
            "revenuefromcontractwithcustomerexcludingassessedtax": 255887000000,
            "costofgoodsandservicessold": 304739000000,
            "fulfillmentexpense": 90619000000,
            "technologyandinfrastructureexpense": 85622000000,
            "marketingexpense": 44370000000,
            "generalandadministrativeexpense": 11816000000,
            "otheroperatingincomeexpensenet": -767000000,
            "costsandexpenses": 537933000000,
            "operatingincomeloss": 36852000000,
            "investmentincomeinterest": 2949000000,
            "interestexpense": 3182000000,
            "othernonoperatingincomeexpense": 938000000,
            "nonoperatingincomeexpense": 705000000,
            "incomelossfromcontinuingoperationsbeforeincometaxesminorityinterestandincomelossfromequitymethodinvestments": 37557000000,
            "incometaxexpensebenefit": 7120000000,
            "incomelossfromequitymethodinvestments": -12000000,
            "netincomeloss": 30425000000,
            "earningspersharebasic": 2.95,
            "earningspersharediluted": 2.9,
            "weightedaveragenumberofsharesoutstandingbasic": 10304000000,
            "weightedaveragenumberofdilutedsharesoutstanding": 10492000000,
            "othercomprehensiveincomeforeigncurrencytransactionandtranslationgainlossarisingduringperiodnetoftax": 1027000000,
            "othercomprehensiveincomeunrealizedholdinggainlossonsecuritiesarisingduringperiodnetoftax": 366000000,
            "othercomprehensiveincomelossreclassificationadjustmentfromaociforsaleofsecuritiesnetoftax": -50000000,
            "othercomprehensiveincomelossavailableforsalesecuritiesadjustmentnetoftax": 416000000,
            "othercomprehensiveincomeothernetoftax": 4000000,
            "othercomprehensiveincomelossnetoftax": 1447000000,
            "comprehensiveincomenetoftax": 31872000000,
            "othercomprehensiveincomeforeigncurrencytranslationgainlossarisingduringperiodtax": 55000000,
            "othercomprehensiveincomeunrealizedholdinggainlossonsecuritiesarisingduringperiodtax": 110000000,
            "othercomprehensiveincomelossreclassificationadjustmentfromaociforsaleofsecuritiestax": 15000000,
            "othercomprehensiveincomeothertax": -1000000
        },
        {
            "date": "2022-12-31",
            "symbol": "AMZN",
            "period": "FY",
            "revenuefromcontractwithcustomerexcludingassessedtax": 242901000000,
            "costofgoodsandservicessold": 288831000000,
            "fulfillmentexpense": 84299000000,
            "technologyandcontentexpense": 73213000000,
            "marketingexpense": 42238000000,
            "generalandadministrativeexpense": 11891000000,
            "otheroperatingincomeexpensenet": -1263000000,
            "costsandexpenses": 501735000000,
            "operatingincomeloss": 12248000000,
            "investmentincomeinterest": 989000000,
            "interestexpense": 2367000000,
            "othernonoperatingincomeexpense": -16806000000,
            "nonoperatingincomeexpense": -18184000000,
            "incomelossfromcontinuingoperationsbeforeincometaxesminorityinterestandincomelossfromequitymethodinvestments": -5936000000,
            "incometaxexpensebenefit": -3217000000,
            "incomelossfromequitymethodinvestments": -3000000,
            "netincomeloss": -2722000000,
            "earningspersharebasic": -0.27,
            "earningspersharediluted": -0.27,
            "weightedaveragenumberofsharesoutstandingbasic": 10189000000,
            "weightedaveragenumberofdilutedsharesoutstanding": 10189000000,
            "othercomprehensiveincomeforeigncurrencytransactionandtranslationgainlossarisingduringperiodnetoftax": -2586000000,
            "othercomprehensiveincomeunrealizedholdinggainlossonsecuritiesarisingduringperiodnetoftax": -823000000,
            "othercomprehensiveincomelossreclassificationadjustmentfromaociforsaleofsecuritiesnetoftax": -298000000,
            "othercomprehensiveincomelossavailableforsalesecuritiesadjustmentnetoftax": -525000000,
            "othercomprehensiveincomelossnetoftax": -3111000000,
            "comprehensiveincomenetoftax": -5833000000,
            "othercomprehensiveincomeforeigncurrencytranslationgainlossarisingduringperiodtax": -100000000,
            "othercomprehensiveincomeunrealizedholdinggainlossonsecuritiesarisingduringperiodtax": -159000000
        },
        {
            "date": "2021-12-31",
            "symbol": "AMZN",
            "period": "FY",
            "revenuefromcontractwithcustomerexcludingassessedtax": 241787000000,
            "costofgoodsandservicessold": 272344000000,
            "fulfillmentexpense": 75111000000,
            "technologyandcontentexpense": 56052000000,
            "marketingexpense": 32551000000,
            "generalandadministrativeexpense": 8823000000,
            "otheroperatingincomeexpensenet": -62000000,
            "costsandexpenses": 444943000000,
            "operatingincomeloss": 24879000000,
            "investmentincomeinterest": 448000000,
            "interestexpense": 1809000000,
            "othernonoperatingincomeexpense": 14633000000,
            "nonoperatingincomeexpense": 13272000000,
            "incomelossfromcontinuingoperationsbeforeincometaxesminorityinterestandincomelossfromequitymethodinvestments": 38151000000,
            "incometaxexpensebenefit": 4791000000,
            "incomelossfromequitymethodinvestments": 4000000,
            "netincomeloss": 33364000000,
            "earningspersharebasic": 65.96,
            "earningspersharediluted": 64.81,
            "weightedaveragenumberofsharesoutstandingbasic": 506000000,
            "weightedaveragenumberofdilutedsharesoutstanding": 515000000,
            "othercomprehensiveincomeforeigncurrencytransactionandtranslationgainlossarisingduringperiodnetoftax": -819000000,
            "othercomprehensiveincomelossforeigncurrencytransactionandtranslationadjustmentnetoftax": -819000000,
            "othercomprehensiveincomeunrealizedholdinggainlossonsecuritiesarisingduringperiodnetoftax": -343000000,
            "othercomprehensiveincomelossreclassificationadjustmentfromaociforsaleofsecuritiesnetoftax": 34000000,
            "othercomprehensiveincomelossavailableforsalesecuritiesadjustmentnetoftax": -377000000,
            "othercomprehensiveincomelossnetoftax": -1196000000,
            "comprehensiveincomenetoftax": 32168000000,
            "othercomprehensiveincomeforeigncurrencytranslationgainlossarisingduringperiodtax": 47000000,
            "othercomprehensiveincomeunrealizedholdinggainlossonsecuritiesarisingduringperiodtax": 72000000,
            "othercomprehensiveincomelossreclassificationadjustmentfromaociforsaleofsecuritiestax": -13000000
        },
        {
            "date": "2020-12-31",
            "symbol": "AMZN",
            "period": "FY",
            "revenuefromcontractwithcustomerexcludingassessedtax": 215915000000,
            "costofgoodsandservicessold": 233307000000,
            "fulfillmentexpense": 58517000000,
            "technologyandcontentexpense": 42740000000,
            "marketingexpense": 22008000000,
            "generalandadministrativeexpense": 6668000000,
            "otheroperatingincomeexpensenet": 75000000,
            "costsandexpenses": 363165000000,
            "operatingincomeloss": 22899000000,
            "investmentincomeinterest": 555000000,
            "interestexpense": 1647000000,
            "othernonoperatingincomeexpense": 2371000000,
            "nonoperatingincomeexpense": 1279000000,
            "incomelossfromcontinuingoperationsbeforeincometaxesminorityinterestandincomelossfromequitymethodinvestments": 24178000000,
            "incometaxexpensebenefit": 2863000000,
            "incomelossfromequitymethodinvestments": 16000000,
            "netincomeloss": 21331000000,
            "earningspersharebasic": 42.64,
            "earningspersharediluted": 41.83,
            "weightedaveragenumberofsharesoutstandingbasic": 500000000,
            "weightedaveragenumberofdilutedsharesoutstanding": 510000000,
            "othercomprehensiveincomeforeigncurrencytransactionandtranslationgainlossarisingduringperiodnetoftax": 561000000,
            "othercomprehensiveincomelossforeigncurrencytransactionandtranslationadjustmentnetoftax": 561000000,
            "othercomprehensiveincomeunrealizedholdinggainlossonsecuritiesarisingduringperiodnetoftax": 273000000,
            "othercomprehensiveincomelossreclassificationadjustmentfromaociforsaleofsecuritiesnetoftax": 28000000,
            "othercomprehensiveincomelossavailableforsalesecuritiesadjustmentnetoftax": 245000000,
            "othercomprehensiveincomelossnetoftax": 806000000,
            "comprehensiveincomenetoftax": 22137000000,
            "othercomprehensiveincomeforeigncurrencytranslationgainlossarisingduringperiodtax": -36000000,
            "othercomprehensiveincomeunrealizedholdinggainlossonsecuritiesarisingduringperiodtax": -83000000,
            "othercomprehensiveincomelossreclassificationadjustmentfromaociforsaleofsecuritiestax": -8000000
        },
        {
            "date": "2019-12-31",
            "symbol": "AMZN",
            "period": "FY",
            "netincomeloss": 11588000000,
            "othercomprehensiveincomeforeigncurrencytransactionandtranslationgainlossarisingduringperiodnetoftax": 78000000,
            "othercomprehensiveincomelossforeigncurrencytransactionandtranslationreclassficationadjustmentfromaocinetoftax": 108000000,
            "othercomprehensiveincomelossforeigncurrencytransactionandtranslationadjustmentnetoftax": -30000000,
            "othercomprehensiveincomeunrealizedholdinggainlossonsecuritiesarisingduringperiodnetoftax": 83000000,
            "othercomprehensiveincomelossreclassificationadjustmentfromaociforsaleofsecuritiesnetoftax": 4000000,
            "othercomprehensiveincomelossavailableforsalesecuritiesadjustmentnetoftax": 79000000,
            "othercomprehensiveincomelossnetoftax": 49000000,
            "comprehensiveincomenetoftax": 11637000000,
            "othercomprehensiveincomeforeigncurrencytranslationgainlossarisingduringperiodtax": -5000000,
            "othercomprehensiveincomelossforeigncurrencytransactionandtranslationreclassficationadjustmentfromaocitax": 29000000,
            "othercomprehensiveincomeunrealizedholdinggainlossonsecuritiesarisingduringperiodtax": -12000000,
            "revenuefromcontractwithcustomerexcludingassessedtax": 160408000000,
            "costofgoodsandservicessold": 165536000000,
            "fulfillmentexpense": 40232000000,
            "technologyandcontentexpense": 35931000000,
            "marketingexpense": 18878000000,
            "generalandadministrativeexpense": 5203000000,
            "othercostandexpenseoperating": 201000000,
            "costsandexpenses": 265981000000,
            "operatingincomeloss": 14541000000,
            "investmentincomeinterest": 832000000,
            "interestexpense": 1600000000,
            "othernonoperatingincomeexpense": 203000000,
            "nonoperatingincomeexpense": -565000000,
            "incomelossfromcontinuingoperationsbeforeincometaxesminorityinterestandincomelossfromequitymethodinvestments": 13976000000,
            "incometaxexpensebenefit": 2374000000,
            "incomelossfromequitymethodinvestments": -14000000,
            "earningspersharebasic": 23.46,
            "earningspersharediluted": 23.01,
            "weightedaveragenumberofsharesoutstandingbasic": 494000000,
            "weightedaveragenumberofdilutedsharesoutstanding": 504000000
        }
    ],
    "DELL": [
        {
            "date": "2024-02-01",
            "symbol": "DELL",
            "period": "FY",
            "revenues": 64353000000,
            "costofrevenue": 53316000000,
            "grossprofit": 20869000000,
            "sellinggeneralandadministrativeexpense": 12857000000,
            "researchanddevelopmentexpense": 2801000000,
            "operatingexpenses": 15658000000,
            "operatingincomeloss": 5211000000,
            "nonoperatingincomeexpense": -1324000000,
            "incomelossfromcontinuingoperationsbeforeincometaxesextraordinaryitemsnoncontrollinginterest": 3887000000,
            "incometaxexpensebenefit": 692000000,
            "incomelossfromcontinuingoperationsincludingportionattributabletononcontrollinginterest": 3195000000,
            "profitloss": 3195000000,
            "incomelossfromcontinuingoperationsattributabletononcontrollingentity": -16000000,
            "netincomeloss": 3211000000,
            "incomelossfromcontinuingoperationsperbasicshare": 4.46,
            "incomelossfromcontinuingoperationsperdilutedshare": 4.36,
            "relatedpartiesamountincostofsales": 1010000000,
            "othercomprehensiveincomelossforeigncurrencytransactionandtranslationadjustmentnetoftax": -8000000,
            "othercomprehensiveincomelosscashflowhedgegainlossbeforereclassificationaftertax": 85000000,
            "othercomprehensiveincomelosscashflowhedgegainlossreclassificationaftertax": -107000000,
            "othercomprehensiveincomelosscashflowhedgegainlossafterreclassificationandtax": 192000000,
            "othercomprehensiveincomedefinedbenefitplansnetunamortizedgainlossarisingduringperiodnetoftax": 15000000,
            "othercomprehensiveincomelossreclassificationadjustmentfromaocipensionandotherpostretirementbenefitplansfornetgainlossnetoftax": -2000000,
            "othercomprehensiveincomelosspensionandotherpostretirementbenefitplansadjustmentnetoftax": -17000000,
            "othercomprehensiveincomelossnetoftax": 201000000,
            "comprehensiveincomenetoftaxincludingportionattributabletononcontrollinginterest": 3396000000,
            "netincomelossattributabletononcontrollinginterest": -16000000,
            "comprehensiveincomenetoftax": 3412000000,
            "othercomprehensiveincomelosstax": 15000000
        },
        {
            "date": "2023-02-02",
            "symbol": "DELL",
            "period": "FY",
            "revenues": 154000000,
            "costofrevenue": 31000000,
            "grossprofit": 22686000000,
            "sellinggeneralandadministrativeexpense": 14136000000,
            "researchanddevelopmentexpense": 2779000000,
            "operatingexpenses": 1000000,
            "operatingincomeloss": 8000000,
            "nonoperatingincomeexpense": -2546000000,
            "incomelossfromcontinuingoperationsbeforeincometaxesextraordinaryitemsnoncontrollinginterest": 3225000000,
            "incometaxexpensebenefit": 803000000,
            "incomelossfromcontinuingoperationsincludingportionattributabletononcontrollinginterest": 2422000000,
            "profitloss": 704000000,
            "incomelossfromcontinuingoperationsattributabletononcontrollingentity": -20000000,
            "netincomeloss": 2442000000,
            "incomelossfromcontinuingoperationsperbasicshare": 3.33,
            "incomelossfromcontinuingoperationsperdilutedshare": 3.24,
            "relatedpartiesamountincostofsales": 3065000000,
            "othercomprehensiveincomelossforeigncurrencytransactionandtranslationadjustmentnetoftax": -1000000,
            "othercomprehensiveincomelosscashflowhedgegainlossbeforereclassificationaftertax": 354000000,
            "othercomprehensiveincomelosscashflowhedgegainlossreclassificationaftertax": 705000000,
            "othercomprehensiveincomelosscashflowhedgegainlossafterreclassificationandtax": -351000000,
            "othercomprehensiveincomedefinedbenefitplansnetunamortizedgainlossarisingduringperiodnetoftax": 1000000,
            "othercomprehensiveincomelossreclassificationadjustmentfromaocipensionandotherpostretirementbenefitplansfornetgainlossnetoftax": -1000000,
            "othercomprehensiveincomelosspensionandotherpostretirementbenefitplansadjustmentnetoftax": -2000000,
            "othercomprehensiveincomelossnetoftax": -571000000,
            "comprehensiveincomenetoftaxincludingportionattributabletononcontrollinginterest": 1851000000,
            "netincomelossattributabletononcontrollinginterest": -20000000,
            "othercomprehensiveincomelossnetoftaxportionattributabletononcontrollinginterest": 1000000,
            "comprehensiveincomenetoftax": 1872000000,
            "othercomprehensiveincomelosstax": -17000000
        },
        {
            "date": "2022-01-27",
            "symbol": "DELL",
            "period": "FY",
            "revenues": 79830000000,
            "costofrevenue": 67224000000,
            "grossprofit": 21891000000,
            "sellinggeneralandadministrativeexpense": 14655000000,
            "researchanddevelopmentexpense": 2577000000,
            "operatingexpenses": 17232000000,
            "operatingincomeloss": 4659000000,
            "nonoperatingincomeexpense": 1264000000,
            "incomelossfromcontinuingoperationsbeforeincometaxesextraordinaryitemsnoncontrollinginterest": 5923000000,
            "incometaxexpensebenefit": 981000000,
            "incomelossfromcontinuingoperationsincludingportionattributabletononcontrollinginterest": 4942000000,
            "incomelossfromdiscontinuedoperationsnetoftax": 765000000,
            "profitloss": 5707000000,
            "incomelossfromcontinuingoperationsattributabletononcontrollingentity": -6000000,
            "incomelossfromdiscontinuedoperationsnetoftaxattributabletononcontrollinginterest": 150000000,
            "netincomeloss": 5563000000,
            "incomelossfromcontinuingoperationsperbasicshare": 6.49,
            "discontinuedoperationincomelossfromdiscontinuedoperationnetoftaxperbasicshare": 0.81,
            "incomelossfromcontinuingoperationsperdilutedshare": 6.26,
            "discontinuedoperationincomelossfromdiscontinuedoperationnetoftaxperdilutedshare": 0.76,
            "relatedpartiesamountincostofsales": 1577000000,
            "othercomprehensiveincomelossforeigncurrencytransactionandtranslationadjustmentnetoftax": -385000000,
            "othercomprehensiveincomelosscashflowhedgegainlossbeforereclassificationaftertax": 374000000,
            "othercomprehensiveincomelosscashflowhedgegainlossreclassificationaftertax": 158000000,
            "othercomprehensiveincomelosscashflowhedgegainlossafterreclassificationandtax": 216000000,
            "othercomprehensiveincomedefinedbenefitplansnetunamortizedgainlossarisingduringperiodnetoftax": 37000000,
            "othercomprehensiveincomelossreclassificationadjustmentfromaocipensionandotherpostretirementbenefitplansfornetgainlossnetoftax": -7000000,
            "othercomprehensiveincomelosspensionandotherpostretirementbenefitplansadjustmentnetoftax": -44000000,
            "othercomprehensiveincomelossnetoftax": -125000000,
            "comprehensiveincomenetoftaxincludingportionattributabletononcontrollinginterest": 5582000000,
            "netincomelossattributabletononcontrollinginterest": 144000000,
            "comprehensiveincomenetoftax": 5438000000,
            "othercomprehensiveincomelosstax": 30000000
        },
        {
            "date": "2021-01-28",
            "symbol": "DELL",
            "period": "FY",
            "revenues": 69911000000,
            "costofrevenue": 55347000000,
            "grossprofit": 29417000000,
            "sellinggeneralandadministrativeexpense": 18998000000,
            "researchanddevelopmentexpense": 5275000000,
            "operatingexpenses": 24273000000,
            "operatingincomeloss": 5144000000,
            "nonoperatingincomeexpense": -1474000000,
            "incomelossincludingportionattributabletononcontrollinginterest": 3670000000,
            "incometaxexpensebenefit": 165000000,
            "profitloss": 3505000000,
            "netincomelossattributabletononcontrollinginterest": 255000000,
            "netincomeloss": 3250000000,
            "earningspersharebasic": 4.37,
            "earningspersharediluted": 4.22,
            "othercomprehensiveincomelossforeigncurrencytransactionandtranslationadjustmentnetoftax": 528000000,
            "othercomprehensiveincomelosscashflowhedgegainlossbeforereclassificationaftertax": -200000000,
            "othercomprehensiveincomelosscashflowhedgegainlossreclassificationaftertax": -100000000,
            "othercomprehensiveincomelosscashflowhedgegainlossafterreclassificationandtax": -100000000,
            "othercomprehensiveincomedefinedbenefitplansnetunamortizedgainlossarisingduringperiodnetoftax": -38000000,
            "othercomprehensiveincomelossreclassificationadjustmentfromaocipensionandotherpostretirementbenefitplansfornetgainlossnetoftax": -5000000,
            "othercomprehensiveincomelosspensionandotherpostretirementbenefitplansadjustmentnetoftax": 33000000,
            "othercomprehensiveincomelossnetoftax": 395000000,
            "comprehensiveincomenetoftaxincludingportionattributabletononcontrollinginterest": 3900000000,
            "comprehensiveincomenetoftax": 3645000000,
            "othercomprehensiveincomelosstax": -18000000
        },
        {
            "date": "2020-01-30",
            "symbol": "DELL",
            "period": "FY",
            "profitloss": 5529000000,
            "othercomprehensiveincomelossforeigncurrencytransactionandtranslationadjustmentnetoftax": -226000000,
            "othercomprehensiveincomelosscashflowhedgegainlossbeforereclassificationaftertax": 269000000,
            "othercomprehensiveincomelosscashflowhedgegainlossreclassificationaftertax": 226000000,
            "othercomprehensiveincomelosscashflowhedgegainlossafterreclassificationandtax": 43000000,
            "othercomprehensiveincomedefinedbenefitplansnetunamortizedgainlossarisingduringperiodnetoftax": -60000000,
            "othercomprehensiveincomelossreclassificationadjustmentfromaocipensionandotherpostretirementbenefitplansfornetgainlossnetoftax": -1000000,
            "othercomprehensiveincomelosspensionandotherpostretirementbenefitplansadjustmentnetoftax": 59000000,
            "othercomprehensiveincomelossnetoftax": -242000000,
            "comprehensiveincomenetoftaxincludingportionattributabletononcontrollinginterest": 5287000000,
            "netincomelossattributabletononcontrollinginterest": 913000000,
            "comprehensiveincomenetoftax": 4374000000,
            "othercomprehensiveincomelosstax": -14000000,
            "revenues": 69918000000,
            "costofrevenue": 54525000000,
            "grossprofit": 28933000000,
            "sellinggeneralandadministrativeexpense": 21319000000,
            "researchanddevelopmentexpense": 4992000000,
            "operatingexpenses": 26311000000,
            "operatingincomeloss": 2622000000,
            "nonoperatingincomeexpense": -2626000000,
            "incomelossincludingportionattributabletononcontrollinginterest": -4000000,
            "incometaxexpensebenefit": -5533000000,
            "netincomeloss": 4616000000,
            "earningspersharebasic": 6.38,
            "earningspersharediluted": 6.03
        }
    ],
    "TCS": [
        {
            "date": "2024-03-29",
            "symbol": "TCS",
            "period": "FY",
            "revenuefromcontractwithcustomerexcludingassessedtax": 847779000,
            "costofgoodsandserviceexcludingdepreciationdepletionandamortization": 359014000,
            "grossprofit": 488765000,
            "sellinggeneralandadministrativeexpensesexcludingdepreciationamortizationstockbasedcompensationandpreopeningcosts": 439485000,
            "assetimpairmentcharges": 97279000,
            "sharebasedcompensation": 1870000,
            "preopeningcosts": 2861000,
            "depreciationdepletionandamortization": 44333000,
            "otherexpenses": 7423000,
            "gainlossonsaleofpropertyplantequipment": -248000,
            "operatingincomeloss": -104734000,
            "interestexpense": 20672000,
            "incomelossfromcontinuingoperationsbeforeincometaxesextraordinaryitemsnoncontrollinginterest": -125406000,
            "incometaxexpensebenefit": -22119000,
            "netincomeloss": -103287000,
            "earningspersharebasic": -2.09,
            "earningspersharediluted": -2.09,
            "weightedaveragenumberofsharesoutstandingbasic": 49476871,
            "weightedaveragenumberofdilutedsharesoutstanding": 49476871,
            "othercomprehensiveincomedefinedbenefitplansadjustmentnetoftaxportionattributabletoparent": 26000,
            "othercomprehensiveincomeforeigncurrencytransactionandtranslationadjustmentnetoftaxportionattributabletoparent": -908000,
            "comprehensiveincomenetoftax": -104221000,
            "othercomprehensiveincomedefinedbenefitplanstaxportionattributabletoparent": 7000
        },
        {
            "date": "2014-02-28",
            "symbol": "TCS",
            "period": "FY",
            "revenues": -55856000,
            "costofgoodssoldexcludingdepreciationdepletionandamortization": 308755000,
            "grossprofit": 439783000,
            "sellinggeneralandadministrativeexpensesexcludingdepreciationamortizationstockbasedcompensationandpreopeningcosts": 354271000,
            "sharebasedcompensation": 15137000,
            "preopeningcosts": 6672000,
            "depreciationdepletionandamortization": 30353000,
            "restructuringcharges": 532000,
            "otherexpenses": 1585000,
            "gainlossonsaleofpropertyplantequipment": -206000,
            "operatingincomeloss": 31027000,
            "interestexpense": 21185000,
            "gainslossesonextinguishmentofdebt": -1229000,
            "incomelossfromcontinuingoperationsbeforeincometaxesminorityinterestandincomelossfromequitymethodinvestments": -31104000,
            "incometaxexpensebenefit": 447000,
            "netincomeloss": 8166000,
            "preferredstockdividendsincomestatementimpact": 59747000,
            "netincomelossavailabletocommonstockholdersbasic": -51581000,
            "earningspersharebasicanddiluted": -2.87,
            "weightedaveragenumberofshareoutstandingbasicanddiluted": 17955757,
            "othercomprehensiveincomeunrealizedgainlossonderivativesarisingduringperiodnetoftax": -1492000,
            "othercomprehensiveincomedefinedbenefitplansadjustmentnetoftaxportionattributabletoparent": 181000,
            "othercomprehensiveincomeforeigncurrencytransactionandtranslationadjustmentnetoftaxportionattributabletoparent": 643000,
            "comprehensiveincomenetoftax": 7136000,
            "othercomprehensiveincomeunrealizedgainlossonderivativesarisingduringperiodtax": 239000,
            "othercomprehensiveincomedefinedbenefitplanstaxportionattributabletoparent": 51000
        }
    ],
    "CSCO": [
        {
            "date": "2024-07-26",
            "symbol": "CSCO",
            "period": "FY",
            "revenuefromcontractwithcustomerexcludingassessedtax": 53803000000,
            "costofgoodsandservicessold": 18975000000,
            "grossprofit": 34828000000,
            "researchanddevelopmentexpense": 7983000000,
            "sellingandmarketingexpense": 10364000000,
            "generalandadministrativeexpense": 2813000000,
            "amortizationofintangibleassets": 1653000000,
            "restructuringandothercharges": 654000000,
            "operatingexpenses": 22647000000,
            "operatingincomeloss": 12181000000,
            "investmentincomeinterestanddividend": 1365000000,
            "interestexpensenonoperating": 1006000000,
            "othernonoperatingincomeexpense": -306000000,
            "nonoperatingincomeexpense": 53000000,
            "incomelossfromcontinuingoperationsbeforeincometaxesextraordinaryitemsnoncontrollinginterest": 12234000000,
            "incometaxexpensebenefit": 1914000000,
            "netincomeloss": 10320000000,
            "earningspersharebasic": 2.55,
            "earningspersharediluted": 2.54,
            "weightedaveragenumberofsharesoutstandingbasic": 4043000000,
            "weightedaveragenumberofdilutedsharesoutstanding": 4062000000,
            "othercomprehensiveincomeunrealizedholdinggainlossonsecuritiesarisingduringperiodnetoftax": 146000000,
            "othercomprehensiveincomelossreclassificationadjustmentfromaociforsaleofsecuritiesnetoftax": -53000000,
            "othercomprehensiveincomelossavailableforsalesecuritiesadjustmentnetoftax": 199000000,
            "othercomprehensiveincomelosscashflowhedgegainlossbeforereclassificationaftertax": 98000000,
            "othercomprehensiveincomelosscashflowhedgegainlossreclassificationaftertax": 37000000,
            "othercomprehensiveincomelosscashflowhedgegainlossafterreclassificationandtaxparent": 61000000,
            "othercomprehensiveincomeforeigncurrencytransactionandtranslationadjustmentnetoftaxportionattributabletoparent": -115000000,
            "othercomprehensiveincomelossnetoftaxportionattributabletoparent": 145000000,
            "comprehensiveincomenetoftax": 10465000000,
            "othercomprehensiveincomelossavailableforsalesecuritiesbeforereclassificationadjustmentstax": 47000000,
            "othercomprehensiveincomelossreclassificationadjustmentfromaociforsaleofsecuritiestax": -14000000,
            "othercomprehensiveincomelosscashflowhedgegainlossbeforereclassificationtax": 30000000,
            "othercomprehensiveincomelosscashflowhedgegainlossreclassificationtax": 12000000,
            "othercomprehensiveincomelossforeigncurrencytranslationadjustmentandactuarialgainsandlossestax": -2000000
        },
        {
            "date": "2023-07-28",
            "symbol": "CSCO",
            "period": "FY",
            "revenuefromcontractwithcustomerexcludingassessedtax": 29900000000,
            "costofgoodsandservicessold": 21245000000,
            "grossprofit": -1035000000,
            "researchanddevelopmentexpense": 7551000000,
            "sellingandmarketingexpense": 9880000000,
            "generalandadministrativeexpense": 2478000000,
            "amortizationofintangibleassets": 931000000,
            "restructuringandothercharges": 531000000,
            "operatingexpenses": 20722000000,
            "operatingincomeloss": 15031000000,
            "investmentincomeinterestanddividend": 962000000,
            "interestexpense": -53000000,
            "othernonoperatingincomeexpense": -248000000,
            "nonoperatingincomeexpense": 287000000,
            "incomelossfromcontinuingoperationsbeforeincometaxesextraordinaryitemsnoncontrollinginterest": 15318000000,
            "incometaxexpensebenefit": 2705000000,
            "netincomeloss": 12613000000,
            "earningspersharebasic": 3.08,
            "earningspersharediluted": 3.07,
            "weightedaveragenumberofsharesoutstandingbasic": 4093000000,
            "weightedaveragenumberofdilutedsharesoutstanding": 4105000000,
            "othercomprehensiveincomeunrealizedholdinggainlossonsecuritiesarisingduringperiodnetoftax": -78000000,
            "othercomprehensiveincomelossreclassificationadjustmentfromaociforsaleofsecuritiesnetoftax": -17000000,
            "othercomprehensiveincomelossavailableforsalesecuritiesadjustmentnetoftax": -61000000,
            "othercomprehensiveincomelosscashflowhedgegainlossbeforereclassificationaftertax": 22000000,
            "othercomprehensiveincomelosscashflowhedgegainlossreclassificationaftertax": 48000000,
            "othercomprehensiveincomelosscashflowhedgegainlossafterreclassificationandtaxparent": -26000000,
            "othercomprehensiveincomeforeigncurrencytransactionandtranslationadjustmentnetoftaxportionattributabletoparent": 134000000,
            "othercomprehensiveincomelossnetoftaxportionattributabletoparent": 47000000,
            "comprehensiveincomenetoftax": 12660000000,
            "othercomprehensiveincomelossavailableforsalesecuritiesbeforereclassificationadjustmentstax": -35000000,
            "othercomprehensiveincomelossreclassificationadjustmentfromaociforsaleofsecuritiestax": -4000000,
            "othercomprehensiveincomelosscashflowhedgegainlossbeforereclassificationtax": 7000000,
            "othercomprehensiveincomelosscashflowhedgegainlossreclassificationtax": 15000000,
            "othercomprehensiveincomelossforeigncurrencytranslationadjustmentandactuarialgainsandlossestax": -19000000
        },
        {
            "date": "2022-07-29",
            "symbol": "CSCO",
            "period": "FY",
            "revenuefromcontractwithcustomerexcludingassessedtax": 38018000000,
            "costofgoodsandservicessold": 14814000000,
            "grossprofit": 32248000000,
            "researchanddevelopmentexpense": 6774000000,
            "sellingandmarketingexpense": 9085000000,
            "generalandadministrativeexpense": 2101000000,
            "amortizationofintangibleassets": 313000000,
            "restructuringandothercharges": 6000000,
            "operatingexpenses": 18279000000,
            "operatingincomeloss": 13969000000,
            "investmentincomeinterestanddividend": 476000000,
            "interestexpense": 360000000,
            "othernonoperatingincomeexpense": 392000000,
            "nonoperatingincomeexpense": 508000000,
            "incomelossfromcontinuingoperationsbeforeincometaxesextraordinaryitemsnoncontrollinginterest": 14477000000,
            "incometaxexpensebenefit": 2665000000,
            "netincomeloss": 11812000000,
            "earningspersharebasic": 2.83,
            "earningspersharediluted": 2.82,
            "weightedaveragenumberofsharesoutstandingbasic": 4170000000,
            "weightedaveragenumberofdilutedsharesoutstanding": 4192000000,
            "othercomprehensiveincomeunrealizedholdinggainlossonsecuritiesarisingduringperiodnetoftax": -557000000,
            "othercomprehensiveincomelossreclassificationadjustmentfromaociforsaleofsecuritiesnetoftax": 4000000,
            "othercomprehensiveincomelossavailableforsalesecuritiesadjustmentnetoftax": -561000000,
            "othercomprehensiveincomelosscashflowhedgegainlossbeforereclassificationaftertax": 67000000,
            "othercomprehensiveincomelosscashflowhedgegainlossreclassificationaftertax": 22000000,
            "othercomprehensiveincomelosscashflowhedgegainlossafterreclassificationandtaxparent": 45000000,
            "othercomprehensiveincomeforeigncurrencytransactionandtranslationadjustmentnetoftaxportionattributabletoparent": -689000000,
            "othercomprehensiveincomelossnetoftaxportionattributabletoparent": -1205000000,
            "comprehensiveincomenetoftax": 10607000000,
            "othercomprehensiveincomelossavailableforsalesecuritiesbeforereclassificationadjustmentstax": -174000000,
            "othercomprehensiveincomelossreclassificationadjustmentfromaociforsaleofsecuritiestax": 5000000,
            "othercomprehensiveincomelosscashflowhedgegainlossbeforereclassificationtax": 20000000,
            "othercomprehensiveincomelosscashflowhedgegainlossreclassificationtax": 7000000,
            "othercomprehensiveincomelossforeigncurrencytranslationadjustmentandactuarialgainsandlossestax": 44000000
        },
        {
            "date": "2021-07-30",
            "symbol": "CSCO",
            "period": "FY",
            "revenuefromcontractwithcustomerexcludingassessedtax": 36014000000,
            "costofgoodsandservicessold": 13300000000,
            "grossprofit": 31894000000,
            "researchanddevelopmentexpense": 6549000000,
            "sellingandmarketingexpense": 9259000000,
            "generalandadministrativeexpense": 2152000000,
            "amortizationofintangibleassets": 215000000,
            "restructuringandothercharges": 886000000,
            "operatingexpenses": 19061000000,
            "operatingincomeloss": 12833000000,
            "investmentincomeinterestanddividend": 618000000,
            "interestexpense": 434000000,
            "othernonoperatingincomeexpense": 245000000,
            "nonoperatingincomeexpense": 429000000,
            "incomelossfromcontinuingoperationsbeforeincometaxesextraordinaryitemsnoncontrollinginterest": 13262000000,
            "incometaxexpensebenefit": 2671000000,
            "netincomeloss": 10591000000,
            "earningspersharebasic": 2.51,
            "earningspersharediluted": 2.5,
            "weightedaveragenumberofsharesoutstandingbasic": 4222000000,
            "weightedaveragenumberofdilutedsharesoutstanding": 4236000000,
            "othercomprehensiveincomeunrealizedholdinggainlossonsecuritiesarisingduringperiodnetoftax": -95000000,
            "othercomprehensiveincomelossreclassificationadjustmentfromaociforsaleofsecuritiesnetoftax": 38000000,
            "othercomprehensiveincomelossavailableforsalesecuritiesadjustmentnetoftax": -133000000,
            "othercomprehensiveincomelosscashflowhedgegainlossbeforereclassificationaftertax": 16000000,
            "othercomprehensiveincomelosscashflowhedgegainlossreclassificationaftertax": 11000000,
            "othercomprehensiveincomelosscashflowhedgegainlossafterreclassificationandtaxparent": 5000000,
            "othercomprehensiveincomeforeigncurrencytransactionandtranslationadjustmentnetoftaxportionattributabletoparent": 230000000,
            "othercomprehensiveincomelossnetoftaxportionattributabletoparent": 102000000,
            "comprehensiveincomenetoftax": 10693000000,
            "othercomprehensiveincomelossavailableforsalesecuritiesbeforereclassificationadjustmentstax": -46000000,
            "othercomprehensiveincomelossreclassificationadjustmentfromaociforsaleofsecuritiestax": 15000000,
            "othercomprehensiveincomelosscashflowhedgegainlossbeforereclassificationtax": 4000000,
            "othercomprehensiveincomelosscashflowhedgegainlossreclassificationtax": 3000000,
            "othercomprehensiveincomelossforeigncurrencytranslationadjustmentandactuarialgainsandlossestax": 2000000
        },
        {
            "date": "2020-07-24",
            "symbol": "CSCO",
            "period": "FY",
            "netincomeloss": 11214000000,
            "othercomprehensiveincomeunrealizedholdinggainlossonsecuritiesarisingduringperiodnetoftax": 336000000,
            "othercomprehensiveincomelossreclassificationadjustmentfromaociforsaleofsecuritiesnetoftax": 21000000,
            "othercomprehensiveincomelossavailableforsalesecuritiesadjustmentnetoftax": 315000000,
            "othercomprehensiveincomelosscashflowhedgegainlossbeforereclassificationaftertax": 7000000,
            "othercomprehensiveincomelosscashflowhedgegainlossreclassificationaftertax": -1000000,
            "othercomprehensiveincomelosscashflowhedgegainlossafterreclassificationandtax": 8000000,
            "othercomprehensiveincomeforeigncurrencytransactionandtranslationgainlossarisingduringperiodnetoftax": -50000000,
            "othercomprehensiveincomelossnetoftax": 273000000,
            "comprehensiveincomenetoftaxincludingportionattributabletononcontrollinginterest": 11487000000,
            "othercomprehensiveincomelossavailableforsalesecuritiesbeforereclassificationadjustmentstax": 84000000,
            "othercomprehensiveincomelossreclassificationadjustmentfromaociforsaleofsecuritiestax": 21000000,
            "othercomprehensiveincomelossforeigncurrencytranslationadjustmentandactuarialgainsandlossestax": 5000000,
            "revenuefromcontractwithcustomerexcludingassessedtax": 35978000000,
            "costofgoodsandservicessold": 13199000000,
            "grossprofit": 31683000000,
            "researchanddevelopmentexpense": 6347000000,
            "sellingandmarketingexpense": 9169000000,
            "generalandadministrativeexpense": 1925000000,
            "amortizationofintangibleassets": 141000000,
            "restructuringandothercharges": 481000000,
            "operatingexpenses": 18063000000,
            "operatingincomeloss": 13620000000,
            "investmentincomeinterestanddividend": 920000000,
            "interestexpense": 585000000,
            "othernonoperatingincomeexpense": 15000000,
            "nonoperatingincomeexpense": 350000000,
            "incomelossfromcontinuingoperationsbeforeincometaxesextraordinaryitemsnoncontrollinginterest": 13970000000,
            "incometaxexpensebenefit": 2756000000,
            "earningspersharebasic": 2.65,
            "earningspersharediluted": 2.64,
            "weightedaveragenumberofsharesoutstandingbasic": 4236000000,
            "weightedaveragenumberofdilutedsharesoutstanding": 4254000000
        }
    ],
    "AAPL": [
        {
            "date": "2023-09-29",
            "symbol": "AAPL",
            "period": "FY",
            "revenuefromcontractwithcustomerexcludingassessedtax": 298085000000,
            "costofgoodsandservicessold": 189282000000,
            "grossprofit": 169148000000,
            "researchanddevelopmentexpense": 29915000000,
            "sellinggeneralandadministrativeexpense": 24932000000,
            "operatingexpenses": 54847000000,
            "operatingincomeloss": 114301000000,
            "nonoperatingincomeexpense": -565000000,
            "incomelossfromcontinuingoperationsbeforeincometaxesextraordinaryitemsnoncontrollinginterest": 113736000000,
            "incometaxexpensebenefit": 16741000000,
            "netincomeloss": 96995000000,
            "earningspersharebasic": 6.16,
            "earningspersharediluted": 6.13,
            "weightedaveragenumberofsharesoutstandingbasic": 15744231000,
            "weightedaveragenumberofdilutedsharesoutstanding": 15812547000,
            "othercomprehensiveincomelossforeigncurrencytransactionandtranslationadjustmentnetoftax": -765000000,
            "othercomprehensiveincomelossderivativeinstrumentgainlossbeforereclassificationaftertax": 323000000,
            "othercomprehensiveincomelossderivativeinstrumentgainlossreclassificationaftertax": 1717000000,
            "othercomprehensiveincomelossderivativeinstrumentgainlossafterreclassificationandtax": -1394000000,
            "othercomprehensiveincomeunrealizedholdinggainlossonsecuritiesarisingduringperiodnetoftax": 1563000000,
            "othercomprehensiveincomelossreclassificationadjustmentfromaociforsaleofsecuritiesnetoftax": -253000000,
            "othercomprehensiveincomelossavailableforsalesecuritiesadjustmentnetoftax": 1816000000,
            "othercomprehensiveincomelossnetoftaxportionattributabletoparent": -343000000,
            "comprehensiveincomenetoftax": 96652000000
        },
        {
            "date": "2022-09-24",
            "symbol": "AAPL",
            "period": "FY",
            "revenuefromcontractwithcustomerexcludingassessedtax": 316199000000,
            "costofgoodsandservicessold": 201471000000,
            "grossprofit": 170782000000,
            "researchanddevelopmentexpense": 26251000000,
            "sellinggeneralandadministrativeexpense": 25094000000,
            "operatingexpenses": 51345000000,
            "operatingincomeloss": 119437000000,
            "nonoperatingincomeexpense": -334000000,
            "incomelossfromcontinuingoperationsbeforeincometaxesextraordinaryitemsnoncontrollinginterest": 119103000000,
            "incometaxexpensebenefit": 19300000000,
            "netincomeloss": 99803000000,
            "earningspersharebasic": 6.15,
            "earningspersharediluted": 6.11,
            "weightedaveragenumberofsharesoutstandingbasic": 16215963000,
            "weightedaveragenumberofdilutedsharesoutstanding": 16325819000,
            "othercomprehensiveincomelossforeigncurrencytransactionandtranslationadjustmentnetoftax": -1511000000,
            "othercomprehensiveincomelossderivativeinstrumentgainlossbeforereclassificationaftertax": 3212000000,
            "othercomprehensiveincomelossderivativeinstrumentgainlossreclassificationaftertax": 1074000000,
            "othercomprehensiveincomelossderivativeinstrumentgainlossafterreclassificationandtax": 2138000000,
            "othercomprehensiveincomeunrealizedholdinggainlossonsecuritiesarisingduringperiodnetoftax": -12104000000,
            "othercomprehensiveincomelossreclassificationadjustmentfromaociforsaleofsecuritiesnetoftax": -205000000,
            "othercomprehensiveincomelossavailableforsalesecuritiesadjustmentnetoftax": -11899000000,
            "othercomprehensiveincomelossnetoftaxportionattributabletoparent": -11272000000,
            "comprehensiveincomenetoftax": 88531000000
        },
        {
            "date": "2021-09-25",
            "symbol": "AAPL",
            "period": "FY",
            "revenuefromcontractwithcustomerexcludingassessedtax": 297392000000,
            "costofgoodsandservicessold": 192266000000,
            "grossprofit": 152836000000,
            "researchanddevelopmentexpense": 21914000000,
            "sellinggeneralandadministrativeexpense": 21973000000,
            "operatingexpenses": 43887000000,
            "operatingincomeloss": 108949000000,
            "nonoperatingincomeexpense": 258000000,
            "incomelossfromcontinuingoperationsbeforeincometaxesextraordinaryitemsnoncontrollinginterest": 109207000000,
            "incometaxexpensebenefit": 14527000000,
            "netincomeloss": 94680000000,
            "earningspersharebasic": 5.67,
            "earningspersharediluted": 5.61,
            "weightedaveragenumberofsharesoutstandingbasic": 16701272000,
            "weightedaveragenumberofdilutedsharesoutstanding": 16864919000,
            "othercomprehensiveincomelossforeigncurrencytransactionandtranslationadjustmentnetoftax": 501000000,
            "othercomprehensiveincomelossderivativeinstrumentgainlossbeforereclassificationaftertax": 32000000,
            "othercomprehensiveincomelossderivativeinstrumentgainlossreclassificationaftertax": -1003000000,
            "othercomprehensiveincomelossderivativeinstrumentgainlossafterreclassificationandtax": 1035000000,
            "othercomprehensiveincomeunrealizedholdinggainlossonsecuritiesarisingduringperiodnetoftax": -694000000,
            "othercomprehensiveincomelossreclassificationadjustmentfromaociforsaleofsecuritiesnetoftax": 273000000,
            "othercomprehensiveincomelossavailableforsalesecuritiesadjustmentnetoftax": -967000000,
            "othercomprehensiveincomelossnetoftaxportionattributabletoparent": 569000000,
            "comprehensiveincomenetoftax": 95249000000
        },
        {
            "date": "2020-09-26",
            "symbol": "AAPL",
            "period": "FY",
            "revenuefromcontractwithcustomerexcludingassessedtax": 220747000000,
            "costofgoodsandservicessold": 151286000000,
            "grossprofit": 104956000000,
            "researchanddevelopmentexpense": 18752000000,
            "sellinggeneralandadministrativeexpense": 19916000000,
            "operatingexpenses": 38668000000,
            "operatingincomeloss": 66288000000,
            "nonoperatingincomeexpense": 803000000,
            "incomelossfromcontinuingoperationsbeforeincometaxesextraordinaryitemsnoncontrollinginterest": 67091000000,
            "incometaxexpensebenefit": 9680000000,
            "netincomeloss": 57411000000,
            "earningspersharebasic": 3.31,
            "earningspersharediluted": 3.28,
            "weightedaveragenumberofsharesoutstandingbasic": 17352119000,
            "weightedaveragenumberofdilutedsharesoutstanding": 17528214000,
            "othercomprehensiveincomelossforeigncurrencytransactionandtranslationadjustmentnetoftax": 88000000,
            "othercomprehensiveincomelossderivativeinstrumentgainlossbeforereclassificationaftertax": 79000000,
            "othercomprehensiveincomelosscashflowhedgegainlossreclassificationaftertax": 1264000000,
            "othercomprehensiveincomelossderivativeinstrumentgainlossafterreclassificationandtax": -1185000000,
            "othercomprehensiveincomeunrealizedholdinggainlossonsecuritiesarisingduringperiodnetoftax": 1202000000,
            "othercomprehensiveincomelossreclassificationadjustmentfromaociforsaleofsecuritiesnetoftax": 63000000,
            "othercomprehensiveincomelossavailableforsalesecuritiesadjustmentnetoftax": 1139000000,
            "othercomprehensiveincomelossnetoftaxportionattributabletoparent": 42000000,
            "comprehensiveincomenetoftax": 57453000000
        },
        {
            "date": "2019-09-28",
            "symbol": "AAPL",
            "period": "FY",
            "netincomeloss": 55256000000,
            "othercomprehensiveincomelossforeigncurrencytransactionandtranslationadjustmentnetoftax": -408000000,
            "othercomprehensiveincomeunrealizedgainlossonderivativesarisingduringperiodnetoftax": -661000000,
            "othercomprehensiveincomelossreclassificationadjustmentfromaocionderivativesnetoftax": -23000000,
            "othercomprehensiveincomelossderivativesqualifyingashedgesnetoftax": -638000000,
            "othercomprehensiveincomeunrealizedholdinggainlossonsecuritiesarisingduringperiodnetoftax": 3802000000,
            "othercomprehensiveincomelossreclassificationadjustmentfromaociforsaleofsecuritiesnetoftax": -25000000,
            "othercomprehensiveincomelossavailableforsalesecuritiesadjustmentnetoftax": 3827000000,
            "othercomprehensiveincomelossnetoftaxportionattributabletoparent": 2781000000,
            "comprehensiveincomenetoftax": 58037000000,
            "revenuefromcontractwithcustomerexcludingassessedtax": 213883000000,
            "costofgoodsandservicessold": 144996000000,
            "grossprofit": 98392000000,
            "researchanddevelopmentexpense": 16217000000,
            "sellinggeneralandadministrativeexpense": 18245000000,
            "operatingexpenses": 34462000000,
            "operatingincomeloss": 63930000000,
            "nonoperatingincomeexpense": 1807000000,
            "incomelossfromcontinuingoperationsbeforeincometaxesextraordinaryitemsnoncontrollinginterest": 65737000000,
            "incometaxexpensebenefit": 10481000000,
            "earningspersharebasic": 11.97,
            "earningspersharediluted": 11.89,
            "weightedaveragenumberofsharesoutstandingbasic": 4617834000,
            "weightedaveragenumberofdilutedsharesoutstanding": 4648913000
        }
    ],
    "INFY": [
        {
            "date": "2024-03-30",
            "symbol": "INFY",
            "period": "FY",
            "revenuefromcontractswithcustomers": 18562000000,
            "costofsales": 12975000000,
            "grossprofit": 5587000000,
            "salesandmarketingexpense": 842000000,
            "administrativeexpense": 911000000,
            "operatingexpenseexcludingcostofsales": 1753000000,
            "profitlossfromoperatingactivities": 3834000000,
            "otherincomenet": 568000000,
            "financecosts": 56000000,
            "profitlossbeforetax": 4346000000,
            "incometaxexpensecontinuingoperations": 1177000000,
            "profitloss": 3169000000,
            "othercomprehensiveincomenetoftaxgainslossesonremeasurementsofdefinedbenefitplans": 15000000,
            "othercomprehensiveincomenetoftaxgainslossesfrominvestmentsinequityinstruments": 2000000,
            "othercomprehensiveincomethatwillnotbereclassifiedtoprofitorlossnetoftax": 17000000,
            "othercomprehensiveincomenetoftaxfinancialassetsmeasuredatfairvaluethroughothercomprehensiveincome": 17000000,
            "othercomprehensiveincomenetoftaxcashflowhedges": 1000000,
            "othercomprehensiveincomenetoftaxexchangedifferencesontranslation": -117000000,
            "othercomprehensiveincomethatwillbereclassifiedtoprofitorlossnetoftax": -99000000,
            "othercomprehensiveincome": -82000000,
            "comprehensiveincome": 3087000000,
            "profitlossattributabletoownersofparent": 3167000000,
            "profitlossattributabletononcontrollinginterests": 2000000,
            "comprehensiveincomeattributabletoownersofparent": 3086000000,
            "comprehensiveincomeattributabletononcontrollinginterests": 1000000,
            "basicearningslosspershare": 0.77,
            "dilutedearningslosspershare": 0.76,
            "weightedaverageshares": 4138568090,
            "adjustedweightedaverageshares": 4144680425
        },
        {
            "date": "2023-03-31",
            "symbol": "INFY",
            "period": "FY",
            "revenuefromcontractswithcustomers": 6894000000,
            "costofsales": 12709000000,
            "grossprofit": 5503000000,
            "salesandmarketingexpense": 776000000,
            "administrativeexpense": 902000000,
            "operatingexpenseexcludingcostofsales": 1678000000,
            "profitlossfromoperatingactivities": 3825000000,
            "otherincomenet": 335000000,
            "financecosts": 35000000,
            "profitlossbeforetax": 4125000000,
            "incometaxexpensecontinuingoperations": 1142000000,
            "profitloss": 2000000,
            "othercomprehensiveincomenetoftaxgainslossesonremeasurementsofdefinedbenefitplans": 4000000,
            "othercomprehensiveincomenetoftaxgainslossesfrominvestmentsinequityinstruments": -3000000,
            "othercomprehensiveincomethatwillnotbereclassifiedtoprofitorlossnetoftax": 1000000,
            "othercomprehensiveincomenetoftaxfinancialassetsmeasuredatfairvaluethroughothercomprehensiveincome": -3000000,
            "othercomprehensiveincomenetoftaxcashflowhedges": -1000000,
            "othercomprehensiveincomenetoftaxexchangedifferencesontranslation": -697000000,
            "othercomprehensiveincomethatwillbereclassifiedtoprofitorlossnetoftax": -728000000,
            "othercomprehensiveincome": -727000000,
            "comprehensiveincome": 2000000,
            "profitlossattributabletoownersofparent": 2981000000,
            "profitlossattributabletononcontrollinginterests": 2000000,
            "comprehensiveincomeattributabletoownersofparent": 2254000000,
            "comprehensiveincomeattributabletononcontrollinginterests": 2000000,
            "basicearningslosspershare": 0.71,
            "dilutedearningslosspershare": 0.71,
            "weightedaverageshares": "null",
            "adjustedweightedaverageshares": "null"
        },
        {
            "date": "2022-03-31",
            "symbol": "INFY",
            "period": "FY",
            "revenuefromcontractswithcustomers": 1142000000,
            "costofsales": 10996000000,
            "grossprofit": 5315000000,
            "salesandmarketingexpense": 692000000,
            "administrativeexpense": 868000000,
            "operatingexpenseexcludingcostofsales": 1560000000,
            "profitlossfromoperatingactivities": 3755000000,
            "otherincomenet": 308000000,
            "financecosts": 27000000,
            "profitlossbeforetax": 4036000000,
            "incometaxexpensecontinuingoperations": 1068000000,
            "profitloss": 5000000,
            "othercomprehensiveincomenetoftaxgainslossesonremeasurementsofdefinedbenefitplans": -11000000,
            "othercomprehensiveincomenetoftaxgainslossesfrominvestmentsinequityinstruments": 12000000,
            "othercomprehensiveincomethatwillnotbereclassifiedtoprofitorlossnetoftax": 1000000,
            "othercomprehensiveincomenetoftaxfinancialassetsmeasuredatfairvaluethroughothercomprehensiveincome": 12000000,
            "othercomprehensiveincomenetoftaxcashflowhedges": -1000000,
            "othercomprehensiveincomenetoftaxexchangedifferencesontranslation": -320000000,
            "othercomprehensiveincomethatwillbereclassifiedtoprofitorlossnetoftax": -327000000,
            "othercomprehensiveincome": -326000000,
            "comprehensiveincome": 5000000,
            "profitlossattributabletoownersofparent": 2963000000,
            "profitlossattributabletononcontrollinginterests": 5000000,
            "comprehensiveincomeattributabletoownersofparent": 2637000000,
            "comprehensiveincomeattributabletononcontrollinginterests": 5000000,
            "basicearningslosspershare": 0.7,
            "dilutedearningslosspershare": 0.7,
            "weightedaverageshares": "null",
            "adjustedweightedaverageshares": "null"
        },
        {
            "date": "2021-03-31",
            "symbol": "INFY",
            "period": "FY",
            "revenuefromcontractswithcustomers": 6984000000,
            "costofsales": 8828000000,
            "grossprofit": 4733000000,
            "salesandmarketingexpense": 624000000,
            "administrativeexpense": 784000000,
            "operatingexpenseexcludingcostofsales": 1408000000,
            "profitlossfromoperatingactivities": 3325000000,
            "otherincomenet": 297000000,
            "financecosts": 26000000,
            "profitlossbeforetax": 3596000000,
            "incometaxexpensecontinuingoperations": 973000000,
            "profitloss": 10000000,
            "othercomprehensiveincomenetoftaxgainslossesonremeasurementsofdefinedbenefitplans": 17000000,
            "othercomprehensiveincomenetoftaxgainslossesfrominvestmentsinequityinstruments": 16000000,
            "othercomprehensiveincomethatwillnotbereclassifiedtoprofitorlossnetoftax": 33000000,
            "othercomprehensiveincomenetoftaxfinancialassetsmeasuredatfairvaluethroughothercomprehensiveincome": 16000000,
            "othercomprehensiveincomenetoftaxcashflowhedges": 4000000,
            "othercomprehensiveincomenetoftaxexchangedifferencesontranslation": 1000000,
            "othercomprehensiveincomethatwillbereclassifiedtoprofitorlossnetoftax": 323000000,
            "othercomprehensiveincome": 356000000,
            "comprehensiveincome": 11000000,
            "profitlossattributabletoownersofparent": 2613000000,
            "profitlossattributabletononcontrollinginterests": 10000000,
            "comprehensiveincomeattributabletoownersofparent": 2968000000,
            "comprehensiveincomeattributabletononcontrollinginterests": 11000000,
            "basicearningslosspershare": 0.62,
            "dilutedearningslosspershare": 0.61,
            "weightedaverageshares": 4242416665,
            "adjustedweightedaverageshares": 4250732467
        },
        {
            "date": "2020-03-31",
            "symbol": "INFY",
            "period": "FY",
            "revenuefromcontractswithcustomers": 7772000000,
            "costofsales": 8552000000,
            "grossprofit": 4228000000,
            "salesandmarketingexpense": 664000000,
            "administrativeexpense": 840000000,
            "operatingexpenseexcludingcostofsales": 1504000000,
            "profitlossfromoperatingactivities": 2724000000,
            "otherincomenet": 395000000,
            "interestexpenseonleaseliabilities": 24000000,
            "profitlossbeforetax": 3095000000,
            "incometaxexpensecontinuingoperations": 757000000,
            "profitloss": 7000000,
            "othercomprehensiveincomenetoftaxgainslossesonremeasurementsofdefinedbenefitplans": -24000000,
            "othercomprehensiveincomenetoftaxgainslossesfrominvestmentsinequityinstruments": -5000000,
            "othercomprehensiveincomethatwillnotbereclassifiedtoprofitorlossnetoftax": -29000000,
            "othercomprehensiveincomenetoftaxfinancialassetsmeasuredatfairvaluethroughothercomprehensiveincome": -5000000,
            "othercomprehensiveincomenetoftaxcashflowhedges": -5000000,
            "othercomprehensiveincomenetoftaxexchangedifferencesontranslation": -2000000,
            "othercomprehensiveincomethatwillbereclassifiedtoprofitorlossnetoftax": -722000000,
            "othercomprehensiveincome": -751000000,
            "comprehensiveincome": 5000000,
            "profitlossattributabletoownersofparent": 2331000000,
            "profitlossattributabletononcontrollinginterests": 7000000,
            "comprehensiveincomeattributabletoownersofparent": 1582000000,
            "comprehensiveincomeattributabletononcontrollinginterests": 5000000,
            "basicearningslosspershare": 0.55,
            "dilutedearningslosspershare": 0.55,
            "weightedaverageshares": 4257754522,
            "adjustedweightedaverageshares": 4265144228
        }
    ],
    "ADBE": [
        {
            "date": "2023-11-30",
            "symbol": "ADBE",
            "period": "FY",
            "revenues": 18284000000,
            "costofrevenue": 1822000000,
            "grossprofit": 17055000000,
            "researchanddevelopmentexpensesoftwareexcludingacquiredinprocesscost": 3473000000,
            "sellingandmarketingexpense": 5351000000,
            "generalandadministrativeexpense": 1413000000,
            "operatingexpensesamortizationofpurchasedintangibles": 168000000,
            "operatingexpenses": 10405000000,
            "operatingincomeloss": 6650000000,
            "interestexpense": 113000000,
            "gainlossoninvestments": 16000000,
            "othernonoperatingincome": 246000000,
            "nonoperatingincomeexpense": 149000000,
            "incomelossfromcontinuingoperationsbeforeincometaxesextraordinaryitemsnoncontrollinginterest": 6799000000,
            "incometaxexpensebenefit": 1371000000,
            "netincomeloss": 5428000000,
            "earningspersharebasic": 11.87,
            "weightedaveragenumberofsharesoutstandingbasic": 457000000,
            "earningspersharediluted": 11.82,
            "weightedaveragenumberofdilutedsharesoutstanding": 459000000,
            "othercomprehensiveincomeunrealizedholdinggainlossonsecuritiesarisingduringperiodnetoftax": 24000000,
            "othercomprehensiveincomelossreclassificationadjustmentfromaociforsaleofsecuritiesnetoftax": -5000000,
            "othercomprehensiveincomelossavailableforsalesecuritiesadjustmentnetoftax": 29000000,
            "othercomprehensiveincomelosscashflowhedgegainlossbeforereclassificationaftertax": -12000000,
            "othercomprehensiveincomelosscashflowhedgegainlossreclassificationaftertax": 31000000,
            "othercomprehensiveincomelosscashflowhedgegainlossafterreclassificationandtax": -43000000,
            "othercomprehensiveincomelossforeigncurrencytransactionandtranslationadjustmentnetoftax": 22000000,
            "othercomprehensiveincomelossnetoftax": 8000000,
            "comprehensiveincomenetoftax": 5436000000
        },
        {
            "date": "2022-12-01",
            "symbol": "ADBE",
            "period": "FY",
            "subscriptionrevenues": 123000000,
            "productrevenue": 532000000,
            "servicesandotherrevenue": 686000000,
            "revenues": 2762000000,
            "costofsubscriptionrevenue": 1646000000,
            "costofproductrevenue": 35000000,
            "costofservicesandotherrevenue": 484000000,
            "costofrevenue": 102000000,
            "grossprofit": 240000000,
            "researchanddevelopmentexpensesoftwareexcludingacquiredinprocesscost": 2987000000,
            "sellingandmarketingexpense": 4968000000,
            "generalandadministrativeexpense": 1219000000,
            "operatingexpensesamortizationofpurchasedintangibles": 169000000,
            "operatingexpenses": 9343000000,
            "operatingincomeloss": 6098000000,
            "interestexpense": 112000000,
            "gainlossoninvestments": -19000000,
            "othernonoperatingincome": 41000000,
            "nonoperatingincomeexpense": -90000000,
            "incomelossfromcontinuingoperationsbeforeincometaxesextraordinaryitemsnoncontrollinginterest": 6008000000,
            "incometaxexpensebenefit": 1252000000,
            "netincomeloss": 4756000000,
            "earningspersharebasic": 10.13,
            "weightedaveragenumberofsharesoutstandingbasic": 470000000,
            "earningspersharediluted": 10.1,
            "weightedaveragenumberofdilutedsharesoutstanding": 471000000,
            "othercomprehensiveincomeunrealizedholdinggainlossonsecuritiesarisingduringperiodnetoftax": -39000000,
            "othercomprehensiveincomelossavailableforsalesecuritiesadjustmentnetoftax": -39000000,
            "othercomprehensiveincomelosscashflowhedgegainlossbeforereclassificationaftertax": -5000000,
            "othercomprehensiveincomelosscashflowhedgegainlossreclassificationaftertax": 151000000,
            "othercomprehensiveincomelosscashflowhedgegainlossafterreclassificationandtax": -12000000,
            "othercomprehensiveincomelossforeigncurrencytransactionandtranslationadjustmentnetoftax": -105000000,
            "othercomprehensiveincomelossnetoftax": -156000000,
            "comprehensiveincomenetoftax": 4600000000
        },
        {
            "date": "2021-12-02",
            "symbol": "ADBE",
            "period": "FY",
            "subscriptionrevenues": 146000000,
            "productrevenue": 555000000,
            "servicesandotherrevenue": 657000000,
            "revenues": 2537000000,
            "costofsubscriptionrevenue": 1374000000,
            "costofproductrevenue": 41000000,
            "costofservicesandotherrevenue": 450000000,
            "costofrevenue": 115000000,
            "grossprofit": 283000000,
            "researchanddevelopmentexpensesoftwareexcludingacquiredinprocesscost": 2540000000,
            "sellingandmarketingexpense": 4321000000,
            "generalandadministrativeexpense": 1085000000,
            "operatingexpensesamortizationofpurchasedintangibles": 172000000,
            "operatingexpenses": 8118000000,
            "operatingincomeloss": 5802000000,
            "interestexpense": 113000000,
            "gainlossoninvestments": 16000000,
            "nonoperatingincomeexpense": -97000000,
            "incomelossfromcontinuingoperationsbeforeincometaxesextraordinaryitemsnoncontrollinginterest": 5705000000,
            "incometaxexpensebenefit": 883000000,
            "netincomeloss": 4822000000,
            "earningspersharebasic": 10.1,
            "weightedaveragenumberofsharesoutstandingbasic": 477000000,
            "earningspersharediluted": 10.02,
            "weightedaveragenumberofdilutedsharesoutstanding": 481000000,
            "othercomprehensiveincomeunrealizedholdinggainlossonsecuritiesarisingduringperiodnetoftax": -8000000,
            "othercomprehensiveincomelossavailableforsalesecuritiesadjustmentnetoftax": -8000000,
            "othercomprehensiveincomelosscashflowhedgegainlossbeforereclassificationaftertax": 69000000,
            "othercomprehensiveincomelosscashflowhedgegainlossreclassificationaftertax": -20000000,
            "othercomprehensiveincomelosscashflowhedgegainlossafterreclassificationandtax": 89000000,
            "othercomprehensiveincomelossforeigncurrencytransactionandtranslationadjustmentnetoftax": -60000000,
            "othercomprehensiveincomelossnetoftax": 21000000,
            "comprehensiveincomenetoftax": 4843000000
        },
        {
            "date": "2020-11-26",
            "symbol": "ADBE",
            "period": "FY",
            "subscriptionrevenues": 153000000,
            "productrevenue": 507000000,
            "servicesandotherrevenue": 735000000,
            "revenues": 2014000000,
            "costofsubscriptionrevenue": 1108000000,
            "costofproductrevenue": 36000000,
            "costofservicesandotherrevenue": 578000000,
            "costofrevenue": 244000000,
            "grossprofit": 266000000,
            "researchanddevelopmentexpensesoftwareexcludingacquiredinprocesscost": 2188000000,
            "sellingandmarketingexpense": 3591000000,
            "generalandadministrativeexpense": 968000000,
            "operatingexpensesamortizationofpurchasedintangibles": 162000000,
            "operatingexpenses": 6909000000,
            "operatingincomeloss": 4237000000,
            "interestexpense": 116000000,
            "gainlossoninvestments": 13000000,
            "othernonoperatingincome": 42000000,
            "nonoperatingincomeexpense": -61000000,
            "incomelossfromcontinuingoperationsbeforeincometaxesextraordinaryitemsnoncontrollinginterest": 4176000000,
            "incometaxexpensebenefit": -1084000000,
            "netincomeloss": 5260000000,
            "earningspersharebasic": 10.94,
            "weightedaveragenumberofsharesoutstandingbasic": 481000000,
            "earningspersharediluted": 10.83,
            "weightedaveragenumberofdilutedsharesoutstanding": 485000000,
            "othercomprehensiveincomeunrealizedholdinggainlossonsecuritiesarisingduringperiodnetoftax": 3000000,
            "othercomprehensiveincomelossreclassificationadjustmentfromaociforsaleofsecuritiesnetoftax": 1000000,
            "othercomprehensiveincomelossavailableforsalesecuritiesadjustmentnetoftax": 2000000,
            "othercomprehensiveincomelosscashflowhedgegainlossbeforereclassificationaftertax": -1000000,
            "othercomprehensiveincomelosscashflowhedgegainlossreclassificationaftertax": -6000000,
            "othercomprehensiveincomelosscashflowhedgegainlossafterreclassificationandtax": -38000000,
            "othercomprehensiveincomelossforeigncurrencytransactionandtranslationadjustmentnetoftax": 66000000,
            "othercomprehensiveincomelossnetoftax": 30000000,
            "comprehensiveincomenetoftax": 5290000000
        },
        {
            "date": "2019-11-28",
            "symbol": "ADBE",
            "period": "FY",
            "netincomeloss": 2951458000,
            "othercomprehensiveincomeunrealizedholdinggainlossonsecuritiesarisingduringperiodnetoftax": 29409000,
            "othercomprehensiveincomelossreclassificationadjustmentfromaociforsaleofsecuritiesnetoftax": -124000,
            "othercomprehensiveincomelossavailableforsalesecuritiesadjustmentnetoftax": 29533000,
            "othercomprehensiveincomeunrealizedgainlossonderivativesarisingduringperiodnetoftax": 294000,
            "othercomprehensiveincomelossreclassificationadjustmentfromaocionderivativesnetoftax": 44334000,
            "othercomprehensiveincomelossderivativesqualifyingashedgesnetoftax": -44040000,
            "othercomprehensiveincomelossforeigncurrencytransactionandtranslationadjustmentnetoftax": -25397000,
            "othercomprehensiveincomelossnetoftax": -39904000,
            "comprehensiveincomenetoftax": 2911554000,
            "subscriptionandcirculationrevenue": 9994463000,
            "productrevenue": 647788000,
            "servicesandsupportrevenue": 529046000,
            "revenues": 11171297000,
            "costofsubscriptionrevenue": 1222520000,
            "costofproductrevenue": 39625000,
            "costofservicesandsupportrevenue": 410575000,
            "costofrevenue": 1672720000,
            "grossprofit": 9498577000,
            "researchanddevelopmentexpensesoftwareexcludingacquiredinprocesscost": 1930228000,
            "sellingandmarketingexpense": 3244347000,
            "generalandadministrativeexpense": 880637000,
            "operatingexpensesamortizationofpurchasedintangibles": 175244000,
            "operatingexpenses": 6230456000,
            "operatingincomeloss": 3268121000,
            "othernonoperatingincome": 42255000,
            "interestexpense": 157214000,
            "gainlossoninvestments": 51579000,
            "nonoperatingincomeexpense": -63380000,
            "incomelossfromcontinuingoperationsbeforeincometaxesextraordinaryitemsnoncontrollinginterest": 3204741000,
            "incometaxexpensebenefit": 253283000,
            "earningspersharebasic": 6.07,
            "weightedaveragenumberofsharesoutstandingbasic": 486291000,
            "earningspersharediluted": 6,
            "weightedaveragenumberofdilutedsharesoutstanding": 491572000
        }
    ],
    "CRM": [
        {
            "date": "2024-01-30",
            "symbol": "CRM",
            "period": "FY",
            "revenuefromcontractwithcustomerexcludingassessedtax": 32537000000,
            "costofgoodsandservicessold": 6177000000,
            "grossprofit": 26316000000,
            "researchanddevelopmentexpense": 4906000000,
            "sellingandmarketingexpense": 12877000000,
            "generalandadministrativeexpense": 2534000000,
            "restructuringcharges": 988000000,
            "operatingexpenses": 21305000000,
            "operatingincomeloss": 5011000000,
            "gainlossoninvestments": -277000000,
            "othernonoperatingincomeexpense": 216000000,
            "incomelossfromcontinuingoperationsbeforeincometaxesextraordinaryitemsnoncontrollinginterest": 4950000000,
            "incometaxexpensebenefit": 814000000,
            "netincomeloss": 4136000000,
            "earningspersharebasic": 4.25,
            "earningspersharediluted": 4.2,
            "weightedaveragenumberofsharesoutstandingbasic": 974000000,
            "weightedaveragenumberofdilutedsharesoutstanding": 984000000,
            "amortizationofpurchasedintangiblesfrombusinesscombinations": 978000000,
            "sharebasedcompensation": 431000000,
            "othercomprehensiveincomeforeigncurrencytransactionandtranslationadjustmentbeforetaxportionattributabletoparent": -11000000,
            "othercomprehensiveincomeunrealizedholdinggainlossonsecuritiesarisingduringperiodbeforetax": 83000000,
            "othercomprehensiveincomelossbeforetaxportionattributabletoparent": 72000000,
            "othercomprehensiveincomelosstaxportionattributabletoparent1": 23000000,
            "othercomprehensiveincomelossnetoftaxportionattributabletoparent": 49000000,
            "comprehensiveincomenetoftax": 4185000000
        },
        {
            "date": "2023-01-30",
            "symbol": "CRM",
            "period": "FY",
            "revenuefromcontractwithcustomerexcludingassessedtax": 2939000000,
            "costofgoodsandservicessold": 8360000000,
            "grossprofit": 22992000000,
            "researchanddevelopmentexpense": 5055000000,
            "sellingandmarketingexpense": 13526000000,
            "generalandadministrativeexpense": 2553000000,
            "restructuringcharges": 828000000,
            "operatingexpenses": 21962000000,
            "operatingincomeloss": 1030000000,
            "gainlossoninvestments": -239000000,
            "othernonoperatingexpense": 131000000,
            "incomelossfromcontinuingoperationsbeforeincometaxesextraordinaryitemsnoncontrollinginterest": 660000000,
            "incometaxexpensebenefit": 452000000,
            "netincomeloss": 208000000,
            "earningspersharebasic": 0.21,
            "earningspersharediluted": 0.21,
            "weightedaveragenumberofsharesoutstandingbasic": 992000000,
            "weightedaveragenumberofdilutedsharesoutstanding": 997000000,
            "amortizationofpurchasedintangiblesfrombusinesscombinations": 916000000,
            "sharebasedcompensation": 3279000000,
            "othercomprehensiveincomeforeigncurrencytransactionandtranslationadjustmentbeforetaxportionattributabletoparent": -35000000,
            "othercomprehensiveincomeunrealizedholdinggainlossonsecuritiesarisingduringperiodbeforetax": -94000000,
            "othercomprehensiveincomelossbeforetaxportionattributabletoparent": -129000000,
            "othercomprehensiveincomelosstaxportionattributabletoparent1": -21000000,
            "othercomprehensiveincomelossnetoftaxportionattributabletoparent": -108000000,
            "comprehensiveincomenetoftax": 100000000
        },
        {
            "date": "2022-01-30",
            "symbol": "CRM",
            "period": "FY",
            "revenuefromcontractwithcustomerexcludingassessedtax": 2493000000,
            "costofgoodsandservicessold": 7026000000,
            "grossprofit": 19466000000,
            "researchanddevelopmentexpense": 4465000000,
            "sellingandmarketingexpense": 11855000000,
            "generalandadministrativeexpense": 2598000000,
            "operatingexpenses": 18918000000,
            "operatingincomeloss": 548000000,
            "gainlossoninvestments": 1211000000,
            "othernonoperatingexpense": 227000000,
            "incomelossfromcontinuingoperationsbeforeincometaxesextraordinaryitemsnoncontrollinginterest": 1532000000,
            "incometaxexpensebenefit": 88000000,
            "netincomeloss": 1444000000,
            "earningspersharebasic": 1.51,
            "earningspersharediluted": 1.48,
            "weightedaveragenumberofsharesoutstandingbasic": 955000000,
            "weightedaveragenumberofdilutedsharesoutstanding": 974000000,
            "amortizationofpurchasedintangiblesfrombusinesscombinations": 727000000,
            "sharebasedcompensation": 2779000000,
            "othercomprehensiveincomeforeigncurrencytransactionandtranslationadjustmentbeforetaxportionattributabletoparent": -55000000,
            "othercomprehensiveincomeunrealizedholdinggainlossonsecuritiesarisingduringperiodbeforetax": -83000000,
            "othercomprehensiveincomelossbeforetaxportionattributabletoparent": -138000000,
            "othercomprehensiveincomelosstaxportionattributabletoparent1": -14000000,
            "othercomprehensiveincomelossnetoftaxportionattributabletoparent": -124000000,
            "comprehensiveincomenetoftax": 1320000000
        },
        {
            "date": "2021-01-30",
            "symbol": "CRM",
            "period": "FY",
            "revenuefromcontractwithcustomerexcludingassessedtax": 2015000000,
            "costofgoodsandservicessold": 5438000000,
            "grossprofit": 15814000000,
            "researchanddevelopmentexpense": 3598000000,
            "sellingandmarketingexpense": 9674000000,
            "generalandadministrativeexpense": 2087000000,
            "operatingexpenses": 15359000000,
            "operatingincomeloss": 455000000,
            "gainlossoninvestments": 2170000000,
            "othernonoperatingexpense": 64000000,
            "incomelossfromcontinuingoperationsbeforeincometaxesminorityinterestandincomelossfromequitymethodinvestments": 2561000000,
            "incometaxexpensebenefit": -1511000000,
            "netincomeloss": 4072000000,
            "earningspersharebasic": 4.48,
            "earningspersharediluted": 4.38,
            "weightedaveragenumberofsharesoutstandingbasic": 908000000,
            "weightedaveragenumberofdilutedsharesoutstanding": 930000000,
            "amortizationofpurchasedintangiblesfrombusinesscombinations": 459000000,
            "sharebasedcompensation": 2190000000,
            "unrealizedgainlossoninvestments": 1800000000,
            "incometaxreconciliationdispositionofassets": -2000000000,
            "othercomprehensiveincomeforeigncurrencytransactionandtranslationadjustmentbeforetaxportionattributabletoparent": 40000000,
            "othercomprehensiveincomeunrealizedholdinggainlossonsecuritiesarisingduringperiodbeforetax": 15000000,
            "othercomprehensiveincomelossbeforetaxportionattributabletoparent": 55000000,
            "othercomprehensiveincomelosstaxportionattributabletoparent1": 4000000,
            "othercomprehensiveincomelossnetoftaxportionattributabletoparent": 51000000,
            "comprehensiveincomenetoftax": 4123000000
        },
        {
            "date": "2020-01-30",
            "symbol": "CRM",
            "period": "FY",
            "revenuefromcontractwithcustomerexcludingassessedtax": 228000000,
            "costofgoodsandservicessold": 4235000000,
            "grossprofit": 12863000000,
            "researchanddevelopmentexpense": 2766000000,
            "sellingandmarketingexpense": 7930000000,
            "generalandadministrativeexpense": 1704000000,
            "fairvalueadjustmentlossonremainingperformanceobligationsofagreements": 166000000,
            "operatingexpenses": 12566000000,
            "operatingincomeloss": 297000000,
            "equitysecuritiesfvnigainloss": 427000000,
            "othernonoperatingincomeexpense": -18000000,
            "incomelossfromcontinuingoperationsbeforeincometaxesminorityinterestandincomelossfromequitymethodinvestments": 706000000,
            "incometaxexpensebenefit": 580000000,
            "netincomeloss": 126000000,
            "earningspersharebasic": 0.15,
            "earningspersharediluted": 0.15,
            "weightedaveragenumberofsharesoutstandingbasic": 829000000,
            "weightedaveragenumberofdilutedsharesoutstanding": 850000000,
            "amortizationofpurchasedintangiblesfrombusinesscombinations": 352000000,
            "sharebasedcompensation": 1785000000,
            "othercomprehensiveincomeforeigncurrencytransactionandtranslationadjustmentbeforetaxportionattributabletoparent": -59000000,
            "othercomprehensiveincomeunrealizedholdinggainlossonsecuritiesarisingduringperiodbeforetax": 26000000,
            "othercomprehensiveincomelossbeforetaxportionattributabletoparent": -33000000,
            "othercomprehensiveincomelosstaxportionattributabletoparent1": 2000000,
            "othercomprehensiveincomelossnetoftaxportionattributabletoparent": -35000000,
            "comprehensiveincomenetoftax": 91000000
        }
    ],
    "META": [
        {
            "date": "2023-12-30",
            "symbol": "META",
            "period": "FY",
            "revenuefromcontractwithcustomerexcludingassessedtax": 134902000000,
            "costofrevenue": 25959000000,
            "researchanddevelopmentexpense": 38483000000,
            "sellingandmarketingexpense": 12301000000,
            "generalandadministrativeexpense": 11408000000,
            "costsandexpenses": 88151000000,
            "operatingincomeloss": 46751000000,
            "nonoperatingincomeexpense": 677000000,
            "incomelossfromcontinuingoperationsbeforeincometaxesextraordinaryitemsnoncontrollinginterest": 47428000000,
            "incometaxexpensebenefit": 8330000000,
            "netincomeloss": 39098000000,
            "earningspersharebasic": 15.19,
            "earningspersharediluted": 14.87,
            "weightedaveragenumberofsharesoutstandingbasic": 2574000000,
            "weightedaveragenumberofdilutedsharesoutstanding": 2629000000,
            "othercomprehensiveincomelossforeigncurrencytransactionandtranslationadjustmentnetoftax": 618000000,
            "othercomprehensiveincomeunrealizedholdinggainlossonsecuritiesarisingduringperiodnetoftax": 757000000,
            "comprehensiveincomenetoftax": 40473000000
        },
        {
            "date": "2022-12-31",
            "symbol": "META",
            "period": "FY",
            "revenuefromcontractwithcustomerexcludingassessedtax": 116609000000,
            "costofrevenue": 25249000000,
            "researchanddevelopmentexpense": 35338000000,
            "sellingandmarketingexpense": 15262000000,
            "generalandadministrativeexpense": 11816000000,
            "costsandexpenses": 87665000000,
            "operatingincomeloss": 28944000000,
            "nonoperatingincomeexpense": -125000000,
            "incomelossfromcontinuingoperationsbeforeincometaxesextraordinaryitemsnoncontrollinginterest": 28819000000,
            "incometaxexpensebenefit": 5619000000,
            "netincomeloss": 23200000000,
            "earningspersharebasic": 8.63,
            "earningspersharediluted": 8.59,
            "weightedaveragenumberofsharesoutstandingbasic": 2687000000,
            "weightedaveragenumberofdilutedsharesoutstanding": 2702000000,
            "allocatedsharebasedcompensationexpense": 768000000,
            "othercomprehensiveincomelossforeigncurrencytransactionandtranslationadjustmentnetoftax": -1184000000,
            "othercomprehensiveincomelossavailableforsalesecuritiesadjustmentandothernetoftax": -1653000000,
            "comprehensiveincomenetoftax": 20363000000
        },
        {
            "date": "2021-12-31",
            "symbol": "META",
            "period": "FY",
            "revenuefromcontractwithcustomerexcludingassessedtax": 117929000000,
            "costofrevenue": 22649000000,
            "researchanddevelopmentexpense": 24655000000,
            "sellingandmarketingexpense": 14043000000,
            "generalandadministrativeexpense": 9829000000,
            "costsandexpenses": 71176000000,
            "operatingincomeloss": 46753000000,
            "nonoperatingincomeexpense": 531000000,
            "incomelossfromcontinuingoperationsbeforeincometaxesextraordinaryitemsnoncontrollinginterest": 47284000000,
            "incometaxexpensebenefit": 7914000000,
            "netincomeloss": 39370000000,
            "earningspersharebasic": 13.99,
            "earningspersharediluted": 13.77,
            "weightedaveragenumberofsharesoutstandingbasic": 2815000000,
            "weightedaveragenumberofdilutedsharesoutstanding": 2859000000,
            "allocatedsharebasedcompensationexpense": 577000000,
            "othercomprehensiveincomelossforeigncurrencytransactionandtranslationadjustmentnetoftax": -1116000000,
            "othercomprehensiveincomelossavailableforsalesecuritiesadjustmentandothernetoftax": -504000000,
            "comprehensiveincomenetoftax": 37750000000
        },
        {
            "date": "2020-12-31",
            "symbol": "META",
            "period": "FY",
            "revenuefromcontractwithcustomerexcludingassessedtax": 85965000000,
            "costofrevenue": 16692000000,
            "researchanddevelopmentexpense": 18447000000,
            "sellingandmarketingexpense": 11591000000,
            "generalandadministrativeexpense": 6564000000,
            "costsandexpenses": 53294000000,
            "operatingincomeloss": 32671000000,
            "nonoperatingincomeexpense": 509000000,
            "incomelossfromcontinuingoperationsbeforeincometaxesextraordinaryitemsnoncontrollinginterest": 33180000000,
            "incometaxexpensebenefit": 4034000000,
            "netincomeloss": 29146000000,
            "netincomelossavailabletocommonstockholdersbasic": 29146000000,
            "earningspersharebasic": 10.22,
            "earningspersharediluted": 10.09,
            "weightedaveragenumberofsharesoutstandingbasic": 2851000000,
            "weightedaveragenumberofdilutedsharesoutstanding": 2888000000,
            "allocatedsharebasedcompensationexpense": 447000000,
            "othercomprehensiveincomelossforeigncurrencytransactionandtranslationadjustmentnetoftax": 1056000000,
            "othercomprehensiveincomelossavailableforsalesecuritiesadjustmentandothernetoftax": 360000000,
            "comprehensiveincomenetoftax": 30562000000
        },
        {
            "date": "2019-12-31",
            "symbol": "META",
            "period": "FY",
            "netincomeloss": 18485000000,
            "othercomprehensiveincomelossforeigncurrencytransactionandtranslationadjustmentnetoftax": -151000000,
            "othercomprehensiveincomelossavailableforsalesecuritiesadjustmentandothernetoftax": 422000000,
            "comprehensiveincomenetoftax": 18756000000,
            "revenuefromcontractwithcustomerexcludingassessedtax": 70697000000,
            "costofrevenue": 12770000000,
            "researchanddevelopmentexpense": 13600000000,
            "sellingandmarketingexpense": 9876000000,
            "generalandadministrativeexpense": 10465000000,
            "costsandexpenses": 46711000000,
            "operatingincomeloss": 23986000000,
            "nonoperatingincomeexpense": 826000000,
            "incomelossfromcontinuingoperationsbeforeincometaxesextraordinaryitemsnoncontrollinginterest": 24812000000,
            "incometaxexpensebenefit": 6327000000,
            "netincomelossavailabletocommonstockholdersbasic": 18485000000,
            "earningspersharebasic": 6.48,
            "earningspersharediluted": 6.43,
            "weightedaveragenumberofsharesoutstandingbasic": 2854000000,
            "weightedaveragenumberofdilutedsharesoutstanding": 2876000000,
            "allocatedsharebasedcompensationexpense": 377000000
        }
    ],
    "NVDA": [
        {
            "date": "2024-01-27",
            "symbol": "NVDA",
            "period": "FY",
            "revenues": 60922000000,
            "costofrevenue": 16621000000,
            "grossprofit": 44301000000,
            "researchanddevelopmentexpense": 8675000000,
            "sellinggeneralandadministrativeexpense": 2654000000,
            "operatingexpenses": 11329000000,
            "operatingincomeloss": 32972000000,
            "investmentincomeinterest": 866000000,
            "interestexpense": 257000000,
            "othernonoperatingincomeexpense": 237000000,
            "nonoperatingincomeexpense": 846000000,
            "incomelossfromcontinuingoperationsbeforeincometaxesextraordinaryitemsnoncontrollinginterest": 33818000000,
            "incometaxexpensebenefit": 4058000000,
            "netincomeloss": 29760000000,
            "earningspersharebasic": 12.05,
            "earningspersharediluted": 11.93,
            "weightedaveragenumberofsharesoutstandingbasic": 2469000000,
            "weightedaveragenumberofdilutedsharesoutstanding": 2494000000,
            "othercomprehensiveincomeunrealizedholdinggainlossonsecuritiesarisingduringperiodnetoftax": 80000000,
            "othercomprehensiveincomeavailableforsalesecuritiesadjustmentnetoftaxportionattributabletoparent": 80000000,
            "othercomprehensiveincomelosscashflowhedgegainlossbeforereclassificationaftertax": 38000000,
            "othercomprehensiveincomelosscashflowhedgegainlossreclassificationaftertax": 48000000,
            "othercomprehensiveincomelosscashflowhedgegainlossafterreclassificationandtax": -10000000,
            "othercomprehensiveincomelossnetoftax": 70000000,
            "comprehensiveincomenetoftax": 29830000000
        },
        {
            "date": "2023-01-28",
            "symbol": "NVDA",
            "period": "FY",
            "revenues": 455000000,
            "costofrevenue": 1130000000,
            "grossprofit": 15356000000,
            "researchanddevelopmentexpense": 7339000000,
            "sellinggeneralandadministrativeexpense": 2440000000,
            "businesscombinationadvancedconsiderationwrittenoff": 1353000000,
            "operatingexpenses": 11132000000,
            "operatingincomeloss": -5411000000,
            "investmentincomeinterest": 267000000,
            "interestexpense": 262000000,
            "othernonoperatingincomeexpense": -48000000,
            "nonoperatingincomeexpense": -43000000,
            "incomelossfromcontinuingoperationsbeforeincometaxesextraordinaryitemsnoncontrollinginterest": 4181000000,
            "incometaxexpensebenefit": -187000000,
            "netincomeloss": 4368000000,
            "earningspersharebasic": 1.76,
            "earningspersharediluted": 1.74,
            "weightedaveragenumberofsharesoutstandingbasic": 2487000000,
            "weightedaveragenumberofdilutedsharesoutstanding": 2507000000,
            "othercomprehensiveincomeunrealizedholdinggainlossonsecuritiesarisingduringperiodnetoftax": -31000000,
            "othercomprehensiveincomelossreclassificationadjustmentfromaociforsaleofsecuritiesnetoftax": -1000000,
            "othercomprehensiveincomeavailableforsalesecuritiesadjustmentnetoftaxportionattributabletoparent": -30000000,
            "othercomprehensiveincomelosscashflowhedgegainlossbeforereclassificationaftertax": 47000000,
            "othercomprehensiveincomelosscashflowhedgegainlossreclassificationaftertax": 49000000,
            "othercomprehensiveincomelosscashflowhedgegainlossafterreclassificationandtax": -2000000,
            "othercomprehensiveincomelossnetoftax": -32000000,
            "comprehensiveincomenetoftax": 4336000000
        },
        {
            "date": "2022-01-29",
            "symbol": "NVDA",
            "period": "FY",
            "revenues": 26914000000,
            "costofrevenue": 9439000000,
            "grossprofit": 17475000000,
            "researchanddevelopmentexpense": 5268000000,
            "sellinggeneralandadministrativeexpense": 2166000000,
            "operatingexpenses": 7434000000,
            "operatingincomeloss": -3049000000,
            "investmentincomeinterest": 29000000,
            "interestexpense": 236000000,
            "othernonoperatingincomeexpense": 107000000,
            "nonoperatingincomeexpense": -100000000,
            "incomelossfromcontinuingoperationsbeforeincometaxesextraordinaryitemsnoncontrollinginterest": 9941000000,
            "incometaxexpensebenefit": 189000000,
            "netincomeloss": 9752000000,
            "earningspersharebasic": 3.91,
            "earningspersharediluted": 3.85,
            "weightedaveragenumberofsharesoutstandingbasic": 2496000000,
            "weightedaveragenumberofdilutedsharesoutstanding": 2535000000,
            "othercomprehensiveincomeunrealizedholdinggainlossonsecuritiesarisingduringperiodnetoftax": -16000000,
            "othercomprehensiveincomeavailableforsalesecuritiesadjustmentnetoftaxportionattributabletoparent": -16000000,
            "othercomprehensiveincomelosscashflowhedgegainlossbeforereclassificationaftertax": -43000000,
            "othercomprehensiveincomelosscashflowhedgegainlossreclassificationaftertax": -29000000,
            "othercomprehensiveincomelosscashflowhedgegainlossafterreclassificationandtax": -14000000,
            "othercomprehensiveincomelossnetoftax": -30000000,
            "comprehensiveincomenetoftax": 9722000000
        },
        {
            "date": "2021-01-30",
            "symbol": "NVDA",
            "period": "FY",
            "revenuefromcontractwithcustomerexcludingassessedtax": 631000000,
            "costofgoodsandservicessold": 6279000000,
            "grossprofit": 10396000000,
            "researchanddevelopmentexpense": 3924000000,
            "sellinggeneralandadministrativeexpense": 1940000000,
            "operatingexpenses": 5864000000,
            "operatingincomeloss": -2628000000,
            "investmentincomeinterest": 57000000,
            "interestexpense": 184000000,
            "othernonoperatingincomeexpense": 4000000,
            "nonoperatingincomeexpense": -123000000,
            "incomelossfromcontinuingoperationsbeforeincometaxesminorityinterestandincomelossfromequitymethodinvestments": 4409000000,
            "incometaxexpensebenefit": 77000000,
            "netincomeloss": 4332000000,
            "earningspersharebasic": 7.02,
            "earningspersharediluted": 6.9,
            "weightedaveragenumberofsharesoutstandingbasic": 617000000,
            "weightedaveragenumberofdilutedsharesoutstanding": 628000000,
            "othercomprehensiveincomeunrealizedholdinggainlossonsecuritiesarisingduringperiodnetoftax": 2000000,
            "othercomprehensiveincomelossreclassificationadjustmentfromaociforsaleofsecuritiesnetoftax": 2000000,
            "othercomprehensiveincomelosscashflowhedgegainlossbeforereclassificationaftertax": 9000000,
            "othercomprehensiveincomelosscashflowhedgegainlossreclassificationaftertax": -9000000,
            "othercomprehensiveincomelosscashflowhedgegainlossafterreclassificationandtax": 18000000,
            "othercomprehensiveincomelossnetoftax": 18000000,
            "comprehensiveincomenetoftax": 4350000000
        },
        {
            "date": "2020-01-25",
            "symbol": "NVDA",
            "period": "FY",
            "netincomeloss": 2796000000,
            "othercomprehensiveincomelossavailableforsalesecuritiesadjustmentbeforetax": 8000000,
            "othercomprehensiveincomeunrealizedholdinggainlossonsecuritiesarisingduringperiodnetoftax": 8000000,
            "othercomprehensiveincomelosscashflowhedgegainlossbeforereclassificationaftertax": 10000000,
            "othercomprehensiveincomelossreclassificationadjustmentfromaocionderivativesnetoftax": 5000000,
            "othercomprehensiveincomeunrealizedgainlossonderivativesarisingduringperiodnetoftax": 5000000,
            "othercomprehensiveincomelossnetoftaxportionattributabletoparent": 13000000,
            "comprehensiveincomenetoftax": 2809000000,
            "revenuefromcontractwithcustomerexcludingassessedtax": 10918000000,
            "costofgoodsandservicessold": 4150000000,
            "grossprofit": 6768000000,
            "researchanddevelopmentexpense": 2829000000,
            "sellinggeneralandadministrativeexpense": 1093000000,
            "operatingexpenses": 3922000000,
            "operatingincomeloss": 2846000000,
            "investmentincomeinterest": 178000000,
            "interestexpense": 52000000,
            "othernonoperatingincomeexpense": -2000000,
            "nonoperatingincomeexpense": 124000000,
            "incomelossfromcontinuingoperationsbeforeincometaxesminorityinterestandincomelossfromequitymethodinvestments": 2970000000,
            "incometaxexpensebenefit": 174000000,
            "earningspersharebasic": 4.59,
            "earningspersharediluted": 4.52,
            "weightedaveragenumberofsharesoutstandingbasic": 609000000,
            "weightedaveragenumberofdilutedsharesoutstanding": 618000000
        }
    ],
    "TSLA": [
        {
            "date": "2023-12-30",
            "symbol": "TSLA",
            "period": "FY",
            "revenuefromcontractwithcustomerexcludingassessedtax": 78509000000,
            "costofrevenue": 65121000000,
            "grossprofit": 17660000000,
            "researchanddevelopmentexpense": 3969000000,
            "sellinggeneralandadministrativeexpense": 4800000000,
            "operatingexpenses": 8769000000,
            "operatingincomeloss": 8891000000,
            "investmentincomeinterest": 1066000000,
            "interestexpense": 156000000,
            "othernonoperatingincomeexpense": 172000000,
            "incomelossfromcontinuingoperationsbeforeincometaxesextraordinaryitemsnoncontrollinginterest": 9973000000,
            "incometaxexpensebenefit": -5001000000,
            "profitloss": 14974000000,
            "netincomelossattributabletononcontrollinginterest": -23000000,
            "netincomeloss": 14997000000,
            "earningspersharebasic": 4.73,
            "earningspersharediluted": 4.3,
            "weightedaveragenumberofsharesoutstandingbasic": 3174000000,
            "weightedaveragenumberofdilutedsharesoutstanding": 3485000000,
            "othercomprehensiveincomelossforeigncurrencytransactionandtranslationadjustmentnetoftax": 198000000,
            "unrealizedgainlossoninvestments": 16000000,
            "adjustmentfornetlossrealizedandincludedinnetincome": 4000000,
            "comprehensiveincomenetoftaxincludingportionattributabletononcontrollinginterest": 15192000000,
            "comprehensiveincomenetoftaxattributabletononcontrollinginterest": -23000000,
            "comprehensiveincomenetoftax": 15215000000
        },
        {
            "date": "2022-12-30",
            "symbol": "TSLA",
            "period": "FY",
            "automotivesalesrevenue": 67210000000,
            "automotiveregulatorycredits": 1776000000,
            "automotiveleasing": 2476000000,
            "automotiverevenues": 71462000000,
            "revenuefromcontractwithcustomerexcludingassessedtax": 3909000000,
            "revenues": 81462000000,
            "automotivesales": 49599000000,
            "directcostsofleasedandrentedpropertyorequipment": 1509000000,
            "automotivecostofrevenues": 51108000000,
            "costofgoodsandservicessold": 3621000000,
            "costofrevenue": 60609000000,
            "grossprofit": 20853000000,
            "researchanddevelopmentexpense": 3075000000,
            "sellinggeneralandadministrativeexpense": 3946000000,
            "restructuringandotherexpenses": 176000000,
            "operatingexpenses": 7197000000,
            "operatingincomeloss": 13656000000,
            "investmentincomeinterest": 297000000,
            "interestexpense": 191000000,
            "othernonoperatingincomeexpense": -43000000,
            "incomelossfromcontinuingoperationsbeforeincometaxesextraordinaryitemsnoncontrollinginterest": 13719000000,
            "incometaxexpensebenefit": 1132000000,
            "profitloss": 12587000000,
            "netincomelossattributabletononcontrollinginterest": 31000000,
            "netincomeloss": 12556000000,
            "earningspersharebasic": 4.02,
            "earningspersharediluted": 3.62,
            "weightedaveragenumberofsharesoutstandingbasic": 3130000000,
            "weightedaveragenumberofdilutedsharesoutstanding": 3475000000,
            "stockholdersequitynotestocksplit": "three-for-one stock split effected in the form of a stock dividend in August 2022",
            "stockholdersequitynotestocksplitconversionratio1": 3,
            "othercomprehensiveincomelossforeigncurrencytransactionandtranslationadjustmentnetoftax": -392000000,
            "unrealizedgainlossoninvestments": -23000000,
            "comprehensiveincomenetoftaxincludingportionattributabletononcontrollinginterest": 12172000000,
            "comprehensiveincomenetoftaxattributabletononcontrollinginterest": 31000000,
            "comprehensiveincomenetoftax": 12141000000
        },
        {
            "date": "2021-12-30",
            "symbol": "TSLA",
            "period": "FY",
            "revenuefromcontractwithcustomerexcludingassessedtax": 44125000000,
            "revenues": 53823000000,
            "costofgoodsandservicessold": 32415000000,
            "directcostsofleasedandrentedpropertyorequipment": 978000000,
            "costofrevenue": 33393000000,
            "grossprofit": 13606000000,
            "researchanddevelopmentexpense": 2593000000,
            "sellinggeneralandadministrativeexpense": 4517000000,
            "restructuringandotherexpenses": -27000000,
            "operatingexpenses": 7083000000,
            "operatingincomeloss": 6523000000,
            "investmentincomeinterest": 56000000,
            "interestexpense": 371000000,
            "othernonoperatingincomeexpense": 135000000,
            "incomelossfromcontinuingoperationsbeforeincometaxesextraordinaryitemsnoncontrollinginterest": 6343000000,
            "incometaxexpensebenefit": 699000000,
            "profitloss": 5644000000,
            "netincomelossattributabletononcontrollinginterest": 125000000,
            "netincomeloss": 5519000000,
            "buyoutofnoncontrollinginterest": -5000000,
            "netincomelossavailabletocommonstockholdersbasic": 5524000000,
            "earningspersharebasic": 5.6,
            "earningspersharediluted": 4.9,
            "weightedaveragenumberofsharesoutstandingbasic": 986000000,
            "weightedaveragenumberofdilutedsharesoutstanding": 1129000000,
            "othercomprehensiveincomelossforeigncurrencytransactionandtranslationadjustmentnetoftax": -308000000,
            "marketablesecuritiesunrealizedgainloss": -1000000,
            "comprehensiveincomenetoftaxincludingportionattributabletononcontrollinginterest": 5335000000,
            "comprehensiveincomenetoftaxattributabletononcontrollinginterest": 125000000,
            "comprehensiveincomenetoftax": 5210000000
        },
        {
            "date": "2020-12-30",
            "symbol": "TSLA",
            "period": "FY",
            "revenuefromcontractwithcustomerexcludingassessedtax": 26184000000,
            "operatingleasesincomestatementleaserevenue": 1052000000,
            "salesrevenueautomotive": 27236000000,
            "salesrevenueservicesandothernet": 2306000000,
            "revenues": 31536000000,
            "costofgoodsandservicessold": 19696000000,
            "costofautomotiveleasing": 563000000,
            "costofrevenuesautomotive": 20259000000,
            "costofservicesandother": 2671000000,
            "costofrevenue": 24906000000,
            "grossprofit": 6630000000,
            "researchanddevelopmentexpense": 1491000000,
            "sellinggeneralandadministrativeexpense": 3145000000,
            "operatingexpenses": 4636000000,
            "operatingincomeloss": 1994000000,
            "investmentincomeinterest": 30000000,
            "interestexpense": 748000000,
            "othernonoperatingincomeexpense": -122000000,
            "incomelossfromcontinuingoperationsbeforeincometaxesextraordinaryitemsnoncontrollinginterest": 1154000000,
            "incometaxexpensebenefit": 292000000,
            "profitloss": 862000000,
            "netincomelossattributabletononcontrollinginterest": 141000000,
            "netincomeloss": 721000000,
            "buyoutofnoncontrollinginterest": 31000000,
            "netincomelossavailabletocommonstockholdersbasic": 690000000,
            "earningspersharebasic": 0.74,
            "earningspersharediluted": 0.64,
            "weightedaveragenumberofsharesoutstandingbasic": 933000000,
            "weightedaveragenumberofdilutedsharesoutstanding": 1083000000,
            "stockholdersequitynotestocksplit": "five-for-one stock split effected in the form of a stock dividend in August 2020",
            "stockholdersequitynotestocksplitconversionratio1": 5,
            "othercomprehensiveincomelossforeigncurrencytransactionandtranslationadjustmentnetoftax": 399000000,
            "comprehensiveincomenetoftaxincludingportionattributabletononcontrollinginterest": 1261000000,
            "comprehensiveincomenetoftaxattributabletononcontrollinginterest": 141000000,
            "comprehensiveincomenetoftax": 1120000000
        },
        {
            "date": "2019-12-30",
            "symbol": "TSLA",
            "period": "FY",
            "revenuefromcontractwithcustomerexcludingassessedtax": 19952000000,
            "operatingleasesincomestatementleaserevenue": 869000000,
            "salesrevenueautomotive": 20821000000,
            "salesrevenueservicesandothernet": 2226000000,
            "revenues": 24578000000,
            "costofgoodsandservicessold": 15939000000,
            "costofautomotiveleasing": 459000000,
            "costofrevenuesautomotive": 16398000000,
            "costofservicesandother": 2770000000,
            "costofrevenue": 20509000000,
            "grossprofit": 4069000000,
            "researchanddevelopmentexpense": 1343000000,
            "sellinggeneralandadministrativeexpense": 2646000000,
            "restructuringandotherexpenses": 149000000,
            "operatingexpenses": 4138000000,
            "operatingincomeloss": -69000000,
            "investmentincomeinterest": 44000000,
            "interestexpense": 685000000,
            "othernonoperatingincomeexpense": 45000000,
            "incomelossfromcontinuingoperationsbeforeincometaxesextraordinaryitemsnoncontrollinginterest": -665000000,
            "incometaxexpensebenefit": 110000000,
            "profitloss": -775000000,
            "netincomelossattributabletononcontrollinginterest": 87000000,
            "netincomeloss": -862000000,
            "earningspersharebasic": -4.92,
            "earningspersharediluted": -4.92,
            "weightedaveragenumberofsharesoutstandingbasic": 177000000,
            "weightedaveragenumberofdilutedsharesoutstanding": 177000000,
            "othercomprehensiveincomelossforeigncurrencytransactionandtranslationadjustmentnetoftax": -28000000,
            "comprehensiveincomenetoftaxincludingportionattributabletononcontrollinginterest": -803000000,
            "comprehensiveincomenetoftaxattributabletononcontrollinginterest": 87000000,
            "comprehensiveincomenetoftax": -890000000
        }
    ],
    "NFLX": [
        {
            "date": "2023-12-30",
            "symbol": "NFLX",
            "period": "FY",
            "revenues": 33723297000,
            "costofrevenue": 19715368000,
            "marketingexpense": 2657883000,
            "researchanddevelopmentexpense": 2675758000,
            "generalandadministrativeexpense": 1720285000,
            "operatingincomeloss": 6954003000,
            "interestexpense": 699826000,
            "nonoperatingincomeexpense": -48772000,
            "incomelossfromcontinuingoperationsbeforeincometaxesextraordinaryitemsnoncontrollinginterest": 6205405000,
            "incometaxexpensebenefit": 797415000,
            "netincomeloss": 5407990000,
            "earningspersharebasic": 12.25,
            "earningspersharediluted": 12.03,
            "weightedaveragenumberofsharesoutstandingbasic": 441571000,
            "weightedaveragenumberofdilutedsharesoutstanding": 449498000,
            "othercomprehensiveincomeforeigncurrencytransactionandtranslationadjustmentnetoftaxportionattributabletoparent": 113384000,
            "othercomprehensiveincomelosscashflowhedgegainlossafterreclassificationandtaxparent": -120023000,
            "othercomprehensiveincomelossnetoftaxportionattributabletoparent": -6639000,
            "comprehensiveincomenetoftax": 5401351000,
            "othercomprehensiveincomelosscashflowhedgegainlossafterreclassificationtaxparent": -36000000
        },
        {
            "date": "2022-12-30",
            "symbol": "NFLX",
            "period": "FY",
            "revenues": 100000000,
            "costofrevenue": 19168285000,
            "marketingexpense": 2530502000,
            "researchanddevelopmentexpense": 2711041000,
            "generalandadministrativeexpense": 1572891000,
            "operatingincomeloss": 5632831000,
            "interestexpense": 706212000,
            "nonoperatingincomeexpense": 337310000,
            "incomelossfromcontinuingoperationsbeforeincometaxesextraordinaryitemsnoncontrollinginterest": 5263929000,
            "incometaxexpensebenefit": 772005000,
            "netincomeloss": 4491924000,
            "earningspersharebasic": 10.1,
            "earningspersharediluted": 9.95,
            "weightedaveragenumberofsharesoutstandingbasic": 444698000,
            "weightedaveragenumberofdilutedsharesoutstanding": 451290000,
            "othercomprehensiveincomeforeigncurrencytransactionandtranslationadjustmentnetoftaxportionattributabletoparent": -176811000,
            "comprehensiveincomenetoftax": 4315113000
        },
        {
            "date": "2021-12-30",
            "symbol": "NFLX",
            "period": "FY",
            "revenues": 200000000,
            "costofrevenue": 17332683000,
            "marketingexpense": 2545146000,
            "technologyanddevelopmentexpense": 2273885000,
            "generalandadministrativeexpense": 1351621000,
            "operatingincomeloss": 6194509000,
            "interestexpense": 765620000,
            "nonoperatingincomeexpense": 411214000,
            "incomelossfromcontinuingoperationsbeforeincometaxesextraordinaryitemsnoncontrollinginterest": 5840103000,
            "incometaxexpensebenefit": 723875000,
            "netincomeloss": 5116228000,
            "earningspersharebasic": 11.55,
            "earningspersharediluted": 11.24,
            "weightedaveragenumberofsharesoutstandingbasic": 443155000,
            "weightedaveragenumberofdilutedsharesoutstanding": 455372000,
            "othercomprehensiveincomeforeigncurrencytransactionandtranslationadjustmentnetoftaxportionattributabletoparent": -84893000,
            "comprehensiveincomenetoftax": 5031335000
        },
        {
            "date": "2020-12-30",
            "symbol": "NFLX",
            "period": "FY",
            "revenues": 24996056000,
            "costofrevenue": 15276319000,
            "marketingexpense": 2228362000,
            "technologyanddevelopmentexpense": 1829600000,
            "generalandadministrativeexpense": 1076486000,
            "operatingincomeloss": 4585289000,
            "interestexpense": 767499000,
            "nonoperatingincomeexpense": -618441000,
            "incomelossfromcontinuingoperationsbeforeincometaxesminorityinterestandincomelossfromequitymethodinvestments": 3199349000,
            "incometaxexpensebenefit": 437954000,
            "netincomeloss": 2761395000,
            "earningspersharebasic": 6.26,
            "earningspersharediluted": 6.08,
            "weightedaveragenumberofsharesoutstandingbasic": 440922000,
            "weightedaveragenumberofdilutedsharesoutstanding": 454208000,
            "othercomprehensiveincomeforeigncurrencytransactionandtranslationadjustmentnetoftaxportionattributabletoparent": 67919000,
            "comprehensiveincomenetoftax": 2829314000
        },
        {
            "date": "2019-12-30",
            "symbol": "NFLX",
            "period": "FY",
            "netincomeloss": 1866916000,
            "othercomprehensiveincomeforeigncurrencytransactionandtranslationadjustmentnetoftaxportionattributabletoparent": -3939000,
            "othercomprehensiveincomelossnetoftaxportionattributabletoparent": -3939000,
            "comprehensiveincomenetoftax": 1862977000,
            "revenues": 20156447000,
            "costofrevenue": 12440213000,
            "marketingexpense": 2652462000,
            "technologyanddevelopmentexpense": 1545149000,
            "generalandadministrativeexpense": 914369000,
            "operatingincomeloss": 2604254000,
            "interestexpense": 626023000,
            "nonoperatingincomeexpense": 84000000,
            "incomelossfromcontinuingoperationsbeforeincometaxesminorityinterestandincomelossfromequitymethodinvestments": 2062231000,
            "incometaxexpensebenefit": 195315000,
            "earningspersharebasic": 4.26,
            "earningspersharediluted": 4.13,
            "weightedaveragenumberofsharesoutstandingbasic": 437799000,
            "weightedaveragenumberofdilutedsharesoutstanding": 451765000
        }
    ],
    "AMD": [
        {
            "date": "2023-12-29",
            "symbol": "AMD",
            "period": "FY",
            "revenuefromcontractwithcustomerexcludingassessedtax": 22680000000,
            "costofgoodsandserviceexcludingdepreciationdepletionandamortization": 11278000000,
            "amortizationofacquisitionrelatedintangibles": 942000000,
            "costofgoodsandservicessold": 12220000000,
            "grossprofit": 10460000000,
            "researchanddevelopmentexpense": 5872000000,
            "sellinggeneralandadministrativeexpense": 2352000000,
            "amortizationofacquisitionrelatedintangibles_opex": 1869000000,
            "gainlossonlicensingagreement": 34000000,
            "operatingincomeloss": 401000000,
            "interestexpense": 106000000,
            "othernonoperatingincomeexpense": 197000000,
            "incomelossfromcontinuingoperationsbeforeincometaxesminorityinterestandincomelossfromequitymethodinvestments": 492000000,
            "incometaxexpensebenefit": -346000000,
            "incomelossfromequitymethodinvestments": 16000000,
            "netincomeloss": 854000000,
            "earningspersharebasic": 0.53,
            "earningspersharediluted": 0.53,
            "weightedaveragenumberofsharesoutstandingbasic": 1614000000,
            "weightedaveragenumberofdilutedsharesoutstanding": 1625000000,
            "othercomprehensiveincomelosscashflowhedgegainlossafterreclassificationandtax": 31000000,
            "comprehensiveincomenetoftax": 885000000
        },
        {
            "date": "2022-12-30",
            "symbol": "AMD",
            "period": "FY",
            "revenuefromcontractwithcustomerexcludingassessedtax": 646000000,
            "costofgoodsandserviceexcludingdepreciationdepletionandamortization": 11550000000,
            "amortizationofacquisitionrelatedintangibles": 3548000000,
            "costofgoodsandservicessold": 12998000000,
            "grossprofit": 10603000000,
            "researchanddevelopmentexpense": 5005000000,
            "sellinggeneralandadministrativeexpense": 2336000000,
            "amortizationofacquisitionrelatedintangibles_opex": 2100000000,
            "gainlossonlicensingagreement": 102000000,
            "operatingincomeloss": 4979000000,
            "interestexpense": 88000000,
            "othernonoperatingincomeexpense": 8000000,
            "incomelossfromcontinuingoperationsbeforeincometaxesminorityinterestandincomelossfromequitymethodinvestments": 1184000000,
            "incometaxexpensebenefit": -122000000,
            "incomelossfromequitymethodinvestments": 14000000,
            "netincomeloss": 1320000000,
            "earningspersharebasic": 0.85,
            "earningspersharediluted": 0.84,
            "weightedaveragenumberofsharesoutstandingbasic": 1561000000,
            "weightedaveragenumberofdilutedsharesoutstanding": 1571000000,
            "othercomprehensiveincomelosscashflowhedgegainlossafterreclassificationandtax": -38000000,
            "comprehensiveincomenetoftax": 1282000000
        },
        {
            "date": "2021-12-24",
            "symbol": "AMD",
            "period": "FY",
            "revenuefromcontractwithcustomerexcludingassessedtax": 572000000,
            "costofgoodsandservicessold": 8505000000,
            "grossprofit": 7929000000,
            "researchanddevelopmentexpense": 2845000000,
            "sellinggeneralandadministrativeexpense": 1448000000,
            "gainlossonlicensingagreement": 12000000,
            "operatingincomeloss": -421000000,
            "interestexpense": 34000000,
            "othernonoperatingincomeexpense": 55000000,
            "incomelossfromcontinuingoperationsbeforeincometaxesminorityinterestandincomelossfromequitymethodinvestments": 3669000000,
            "incometaxexpensebenefit": 513000000,
            "incomelossfromequitymethodinvestments": 6000000,
            "netincomeloss": 3162000000,
            "earningspersharebasic": 2.61,
            "earningspersharediluted": 2.57,
            "weightedaveragenumberofsharesoutstandingbasic": 1213000000,
            "weightedaveragenumberofdilutedsharesoutstanding": 1229000000,
            "othercomprehensiveincomelosscashflowhedgegainlossafterreclassificationandtax": -20000000,
            "comprehensiveincomenetoftax": 3142000000
        },
        {
            "date": "2020-12-25",
            "symbol": "AMD",
            "period": "FY",
            "revenuefromcontractwithcustomerexcludingassessedtax": 716000000,
            "costofgoodsandservicessold": 5416000000,
            "grossprofit": 4347000000,
            "researchanddevelopmentexpense": 1983000000,
            "sellinggeneralandadministrativeexpense": 995000000,
            "operatingincomeloss": -288000000,
            "interestexpense": 47000000,
            "othernonoperatingincomeexpense": -47000000,
            "incomelossfromcontinuingoperationsbeforeincometaxesminorityinterestandincomelossfromequitymethodinvestments": 1275000000,
            "incometaxexpensebenefit": -1210000000,
            "incomelossfromequitymethodinvestments": 5000000,
            "netincomeloss": 2490000000,
            "earningspersharebasic": 2.1,
            "earningspersharediluted": 2.06,
            "weightedaveragenumberofsharesoutstandingbasic": 1184000000,
            "weightedaveragenumberofdilutedsharesoutstanding": 1207000000,
            "othercomprehensiveincomelosscashflowhedgegainlossafterreclassificationandtax": 17000000,
            "comprehensiveincomenetoftax": 2507000000
        },
        {
            "date": "2019-12-27",
            "symbol": "AMD",
            "period": "FY",
            "netincomeloss": 341000000,
            "othercomprehensiveincomelosscashflowhedgegainlossbeforereclassificationaftertax": 2000000,
            "othercomprehensiveincomelosscashflowhedgegainlossreclassificationaftertax": -6000000,
            "othercomprehensiveincomelosscashflowhedgegainlossafterreclassificationandtax": 8000000,
            "comprehensiveincomenetoftax": 349000000,
            "revenuefromcontractwithcustomerexcludingassessedtax": 6731000000,
            "costofgoodsandservicessold": 3863000000,
            "grossprofit": 2868000000,
            "researchanddevelopmentexpense": 1547000000,
            "sellinggeneralandadministrativeexpense": 750000000,
            "gainonlicensingagreement": 60000000,
            "operatingincomeloss": 631000000,
            "interestexpense": 94000000,
            "othernonoperatingincomeexpense": -165000000,
            "incomelossfromcontinuingoperationsbeforeincometaxesminorityinterestandincomelossfromequitymethodinvestments": 372000000,
            "incometaxexpensebenefit": 31000000,
            "earningspersharebasic": 0.31,
            "earningspersharediluted": 0.3,
            "weightedaveragenumberofsharesoutstandingbasic": 1091000000,
            "weightedaveragenumberofdilutedsharesoutstanding": 1120000000
        }
    ],
    "QCOM": [
        {
            "date": "2023-09-23",
            "symbol": "QCOM",
            "period": "FY",
            "equipmentandservices": 30028000000,
            "licensingrevenues": 5792000000,
            "revenues": 35820000000,
            "costofrevenue": 15869000000,
            "researchanddevelopmentexpense": 8818000000,
            "sellinggeneralandadministrativeexpense": 2483000000,
            "otheroperatingincomeexpensenet": -862000000,
            "costsandexpenses": 28032000000,
            "operatingincomeloss": 7788000000,
            "interestexpense": 694000000,
            "nonoperatingincomeexpense": 349000000,
            "incomelossfromcontinuingoperationsbeforeincometaxesextraordinaryitemsnoncontrollinginterest": 7443000000,
            "incometaxexpensebenefit": 104000000,
            "incomelossfromcontinuingoperations": 7339000000,
            "incomelossfromdiscontinuedoperationsnetoftaxattributabletoreportingentity": -107000000,
            "netincomeloss": 7232000000,
            "incomelossfromcontinuingoperationsperbasicshare": 6.57,
            "discontinuedoperationincomelossfromdiscontinuedoperationnetoftaxperbasicshare": -0.1,
            "earningspersharebasic": 6.47,
            "incomelossfromcontinuingoperationsperdilutedshare": 6.52,
            "discontinuedoperationincomelossfromdiscontinuedoperationnetoftaxperdilutedshare": -0.1,
            "earningspersharediluted": 6.42,
            "weightedaveragenumberofsharesoutstandingbasic": 1117000000,
            "weightedaveragenumberofdilutedsharesoutstanding": 1126000000,
            "othercomprehensiveincomeforeigncurrencytransactionandtranslationgainlossarisingduringperiodnetoftax": 140000000,
            "othercomprehensiveincomeavailableforsalesecuritiesadjustmentnetoftaxportionattributabletoparent": 54000000,
            "othercomprehensiveincomelosscashflowhedgegainlossafterreclassificationandtax": 99000000,
            "othergainslossesothercomprehensiveincome": 10000000,
            "reclassificationfromaccumulatedothercomprehensiveincomecurrentperiodnetoftax": -77000000,
            "othercomprehensiveincomelossnetoftax": 380000000,
            "comprehensiveincomenetoftax": 7612000000
        },
        {
            "date": "2022-09-24",
            "symbol": "QCOM",
            "period": "FY",
            "equipmentandservices": 37171000000,
            "licensingrevenues": 7029000000,
            "revenues": 134000000,
            "costofrevenue": 266000000,
            "researchanddevelopmentexpense": 1767000000,
            "sellinggeneralandadministrativeexpense": 609000000,
            "otheroperatingincomeexpensenet": 1059000000,
            "costsandexpenses": 28340000000,
            "operatingincomeloss": 15860000000,
            "interestexpense": 490000000,
            "investmentincomenonoperating": -91000000,
            "incomelossfromcontinuingoperationsbeforeincometaxesextraordinaryitemsnoncontrollinginterest": -24000000,
            "incometaxexpensebenefit": 2012000000,
            "incomelossfromcontinuingoperations": 12986000000,
            "incomelossfromdiscontinuedoperationsnetoftaxattributabletoreportingentity": -50000000,
            "netincomeloss": 12936000000,
            "incomelossfromcontinuingoperationsperbasicshare": 11.56,
            "discontinuedoperationincomelossfromdiscontinuedoperationnetoftaxperbasicshare": -0.04,
            "earningspersharebasic": 11.52,
            "incomelossfromcontinuingoperationsperdilutedshare": 11.41,
            "discontinuedoperationincomelossfromdiscontinuedoperationnetoftaxperdilutedshare": -0.04,
            "earningspersharediluted": 11.37,
            "weightedaveragenumberofsharesoutstandingbasic": 1123000000,
            "weightedaveragenumberofdilutedsharesoutstanding": 1137000000,
            "othercomprehensiveincomeforeigncurrencytransactionandtranslationgainlossarisingduringperiodnetoftax": -433000000,
            "othercomprehensiveincomeavailableforsalesecuritiesadjustmentnetoftaxportionattributabletoparent": -113000000,
            "othercomprehensiveincomelosscashflowhedgegainlossafterreclassificationandtax": 361000000,
            "othergainslossesothercomprehensiveincome": 35000000,
            "othercomprehensiveincomelossnetoftax": -150000000,
            "comprehensiveincomenetoftax": 12786000000
        },
        {
            "date": "2021-09-25",
            "symbol": "QCOM",
            "period": "FY",
            "equipmentandservices": 26741000000,
            "licensingrevenues": 6825000000,
            "revenues": 54000000,
            "costofrevenue": 277000000,
            "researchanddevelopmentexpense": 1820000000,
            "sellinggeneralandadministrativeexpense": 538000000,
            "costsandexpenses": 23777000000,
            "operatingincomeloss": 9789000000,
            "interestexpense": 559000000,
            "investmentincomenonoperating": 166000000,
            "incomelossfromcontinuingoperationsbeforeincometaxesextraordinaryitemsnoncontrollinginterest": -58000000,
            "incometaxexpensebenefit": 1231000000,
            "netincomeloss": 9043000000,
            "earningspersharebasic": 7.99,
            "earningspersharediluted": 7.87,
            "weightedaveragenumberofsharesoutstandingbasic": 1131000000,
            "weightedaveragenumberofdilutedsharesoutstanding": 1149000000,
            "profitloss": 9043000000,
            "othercomprehensiveincomeforeigncurrencytransactionandtranslationgainlossarisingduringperiodnetoftax": 40000000,
            "othercomprehensiveincomeavailableforsalesecuritiesadjustmentnetoftaxportionattributabletoparent": -5000000,
            "othercomprehensiveincomelosscashflowhedgegainlossafterreclassificationandtax": -53000000,
            "othergainslossesothercomprehensiveincome": -2000000,
            "reclassificationfromaccumulatedothercomprehensiveincomecurrentperiodnetoftax": 59000000,
            "othercomprehensiveincomelossnetoftax": -79000000,
            "comprehensiveincomenetoftax": 8964000000
        },
        {
            "date": "2020-09-26",
            "symbol": "QCOM",
            "period": "FY",
            "equipmentandservices": 16298000000,
            "licensingrevenues": 7233000000,
            "revenues": 1841000000,
            "costofrevenue": 340000000,
            "researchanddevelopmentexpense": 1046000000,
            "sellinggeneralandadministrativeexpense": 401000000,
            "otheroperatingincomeexpensenet": 28000000,
            "costsandexpenses": 17276000000,
            "operatingincomeloss": 6255000000,
            "interestexpense": 599000000,
            "investmentincomenonoperating": 105000000,
            "incomelossfromcontinuingoperationsbeforeincometaxesextraordinaryitemsnoncontrollinginterest": -63000000,
            "incometaxexpensebenefit": 521000000,
            "netincomeloss": 5198000000,
            "earningspersharebasic": 4.58,
            "earningspersharediluted": 4.52,
            "weightedaveragenumberofsharesoutstandingbasic": 1135000000,
            "weightedaveragenumberofdilutedsharesoutstanding": 1149000000,
            "profitloss": 5198000000,
            "othercomprehensiveincomeforeigncurrencytransactionandtranslationgainlossarisingduringperiodnetoftax": 60000000,
            "othercomprehensiveincomeavailableforsalesecuritiesadjustmentnetoftaxportionattributabletoparent": 22000000,
            "othercomprehensiveincomeavailableforsalesecuritiestaxportionattributabletoparent": -1000000,
            "othercomprehensiveincomeunrealizedgainlossonderivativesarisingduringperiodnetoftax": 29000000,
            "othercomprehensiveincomeunrealizedgainlossonderivativesarisingduringperiodtax": -8000000,
            "othergainslossesothercomprehensiveincome": -7000000,
            "reclassificationfromaccumulatedothercomprehensiveincomecurrentperiodnetoftax": -11000000,
            "reclassificationfromaocicurrentperiodtax": 5000000,
            "othercomprehensiveincomelossnetoftax": 107000000,
            "comprehensiveincomenetoftax": 5305000000
        },
        {
            "date": "2019-09-28",
            "symbol": "QCOM",
            "period": "FY",
            "profitloss": 4386000000,
            "othercomprehensiveincomeforeigncurrencytransactionandtranslationgainlossarisingduringperiodnetoftax": -110000000,
            "othercomprehensiveincomeunrealizedholdinggainlossonsecuritiesarisingduringperiodnetoftax": -6000000,
            "othercomprehensiveincomelossreclassificationadjustmentfromaociforsaleofsecuritiesnetoftax": 1000000,
            "othercomprehensiveincomeunrealizedgainlossonderivativesarisingduringperiodnetoftax": 26000000,
            "othergainslossesothercomprehensiveincome": 19000000,
            "reclassificationfromaccumulatedothercomprehensiveincomecurrentperiodnetoftax": 4000000,
            "othercomprehensiveincomelossnetoftax": -114000000,
            "comprehensiveincomenetoftaxincludingportionattributabletononcontrollinginterest": 4272000000,
            "comprehensiveincomenetoftax": 4272000000,
            "othercomprehensiveincomeunrealizedgainlossonderivativesarisingduringperiodtax": 7000000,
            "reclassificationfromaocicurrentperiodtax": 1000000,
            "equipmentandservices": 14611000000,
            "licensingrevenues": 9662000000,
            "revenues": 24273000000,
            "costofrevenue": 8599000000,
            "researchanddevelopmentexpense": 5398000000,
            "sellinggeneralandadministrativeexpense": 2195000000,
            "otheroperatingincomeexpensenet": -414000000,
            "costsandexpenses": 16606000000,
            "operatingincomeloss": 7667000000,
            "interestexpense": 627000000,
            "investmentincomenonoperating": 441000000,
            "incomelossfromcontinuingoperationsbeforeincometaxesextraordinaryitemsnoncontrollinginterest": 160000000,
            "incometaxexpensebenefit": 3095000000,
            "netincomeloss": 4386000000,
            "earningspersharebasic": 3.63,
            "earningspersharediluted": 3.59,
            "weightedaveragenumberofsharesoutstandingbasic": 1210000000,
            "weightedaveragenumberofdilutedsharesoutstanding": 1220000000
        }
    ],
    "SHOP": [
        {
            "date": "2022-12-31",
            "symbol": "SHOP",
            "period": "FY",
            "revenuefromcontractwithcustomerexcludingassessedtax": 1487759000,
            "costofgoodsandservicessold": 330867000,
            "grossprofit": 2754119000,
            "sellingandmarketingexpense": 1230490000,
            "researchanddevelopmentexpense": 1503234000,
            "generalandadministrativeexpense": 707765000,
            "transactionandloanlosses": 134929000,
            "operatingexpenses": 3576418000,
            "operatingincomeloss": -822299000,
            "interestincomeexpensenonoperatingnet": 79141000,
            "interestexpense": 3499000,
            "equitymethodandotherinvestmentsrealizedgain": 124006000,
            "equitymethodandotherinvestmentsunrealizedgainloss": -2998296000,
            "foreigncurrencytransactiongainlossbeforetax": -1901000,
            "nonoperatingincomeexpense": -2800549000,
            "incomelossattributabletoparent": -3622848000,
            "incometaxexpensebenefit": -162430000,
            "netincomeloss": -3460418000,
            "earningspersharebasic": -2.73,
            "earningspersharediluted": -2.73,
            "weightedaveragenumberofsharesoutstandingbasic": 1266268155,
            "weightedaveragenumberofdilutedsharesoutstanding": 1266268155,
            "othercomprehensiveincomelosscashflowhedgegainlossafterreclassificationbeforetaxparent": -10440000,
            "othercomprehensiveincomelosscashflowhedgegainlossafterreclassificationtaxparent": 59000,
            "othercomprehensiveincomelossnetoftaxportionattributabletoparent": -10499000,
            "comprehensiveincomenetoftax": -3460418000
        },
        {
            "date": "2021-12-31",
            "symbol": "SHOP",
            "period": "FY",
            "revenuefromcontractwithcustomerexcludingassessedtax": 4611856000,
            "costofgoodsandservicessold": 2143215000,
            "grossprofit": 2481144000,
            "sellingandmarketingexpense": 901557000,
            "researchanddevelopmentexpense": 854383000,
            "generalandadministrativeexpense": 374844000,
            "transactionandloanlosses": 81717000,
            "operatingexpenses": 2279732000,
            "operatingincomeloss": 199777000,
            "interestincomeexpensenonoperatingnet": 15356000,
            "interestexpense": 3493000,
            "equitymethodandotherinvestmentsunrealizedgainloss": 2859800000,
            "foreigncurrencytransactiongainlossbeforetax": 286000,
            "nonoperatingincomeexpense": 2871949000,
            "incomelossattributabletoparent": 1220089000,
            "incometaxexpensebenefit": 225933000,
            "netincomeloss": 2914659000,
            "earningspersharebasic": 23.38,
            "earningspersharediluted": 22.9,
            "weightedaveragenumberofsharesoutstandingbasic": 124658891,
            "weightedaveragenumberofdilutedsharesoutstanding": 127364735,
            "othercomprehensiveincomelosscashflowhedgegainlossafterreclassificationbeforetaxparent": -20061000,
            "othercomprehensiveincomelosscashflowhedgegainlossafterreclassificationtaxparent": -5317000,
            "othercomprehensiveincomelossnetoftaxportionattributabletoparent": -14744000,
            "comprehensiveincomenetoftax": 2914659000
        },
        {
            "date": "2020-12-31",
            "symbol": "SHOP",
            "period": "FY",
            "revenuefromcontractwithcustomerexcludingassessedtax": 908757000,
            "costofgoodsandservicessold": 193532000,
            "grossprofit": 1541520000,
            "sellingandmarketingexpense": 602048000,
            "researchanddevelopmentexpense": 552127000,
            "generalandadministrativeexpense": 245343000,
            "transactionandloanlosses": 51849000,
            "operatingexpenses": 1451367000,
            "operatingincomeloss": 90153000,
            "interestincomeexpensenonoperatingnet": 23434000,
            "interestexpense": 9085000,
            "equitymethodandotherinvestmentsunrealizedgainloss": 135193000,
            "foreigncurrencytransactiongainlossbeforetax": 669000,
            "nonoperatingincomeexpense": 150211000,
            "incomelossattributabletoparent": 240364000,
            "incometaxexpensebenefit": -79145000,
            "netincomeloss": 319509000,
            "earningspersharebasic": 2.67,
            "earningspersharediluted": 2.59,
            "weightedaveragenumberofsharesoutstandingbasic": 119569705,
            "weightedaveragenumberofdilutedsharesoutstanding": 123463274,
            "othercomprehensiveincomelosscashflowhedgegainlossafterreclassificationbeforetax": 10510000,
            "othercomprehensiveincomelosscashflowhedgegainlossafterreclassificationtax": 2786000,
            "comprehensiveincomenetoftax": 327233000
        },
        {
            "date": "2015-12-31",
            "symbol": "SHOP",
            "period": "FY",
            "licenseandservicesrevenue": 111979000,
            "salesrevenueservicesgross": 93254000,
            "salesrevenueservicesnet": 19827000,
            "costofserviceslicensesandservices": 24531000,
            "othercostofservices": 69631000,
            "costofservices": 94162000,
            "grossprofit": 111071000,
            "sellingandmarketingexpense": 70374000,
            "researchanddevelopmentexpense": 39722000,
            "generalandadministrativeexpense": 18731000,
            "operatingexpenses": 128827000,
            "operatingincomeloss": -17756000,
            "interestincomeexpensenonoperatingnet": 200000,
            "foreigncurrencytransactiongainlossbeforetax": -1234000,
            "nonoperatingincomeexpense": -1034000,
            "netincomeloss": -18790000,
            "earningspersharebasicanddiluted": -0.3,
            "weightedaveragenumberofshareoutstandingbasicanddiluted": 61716065,
            "incometaxreconciliationtaxcreditsresearch": 1058000,
            "comprehensiveincomenetoftax": -18790000
        }
    ],
    "ZM": [
        {
            "date": "2024-01-30",
            "symbol": "ZM",
            "period": "FY",
            "revenuefromcontractwithcustomerexcludingassessedtax": 4527224000,
            "costofgoodsandservicessold": 1077801000,
            "grossprofit": 3449423000,
            "researchanddevelopmentexpense": 803187000,
            "sellingandmarketingexpense": 1541307000,
            "generalandadministrativeexpense": 579650000,
            "operatingexpenses": 2924144000,
            "operatingincomeloss": 525279000,
            "gainlossoninvestments": 109770000,
            "interestincomeexpensenonoperatingnet": 197263000,
            "incomelossfromcontinuingoperationsbeforeincometaxesextraordinaryitemsnoncontrollinginterest": 832312000,
            "incometaxexpensebenefit": 194850000,
            "netincomeloss": 637462000,
            "netincomelossavailabletocommonstockholdersbasic": 637462000,
            "earningspersharebasic": 2.12,
            "earningspersharediluted": 2.07,
            "weightedaveragenumberofsharesoutstandingbasic": 300748162,
            "weightedaveragenumberofdilutedsharesoutstanding": 308519897,
            "othercomprehensiveincomeunrealizedholdinggainlossonsecuritiesarisingduringperiodnetoftax": 51448000,
            "comprehensiveincomenetoftax": 688910000,
            "othercomprehensiveincomeunrealizedholdinggainlossonsecuritiesarisingduringperiodtax": -15501000
        },
        {
            "date": "2023-01-30",
            "symbol": "ZM",
            "period": "FY",
            "revenuefromcontractwithcustomerexcludingassessedtax": 748276000,
            "costofgoodsandservicessold": 1100451000,
            "grossprofit": 3292509000,
            "researchanddevelopmentexpense": 774059000,
            "sellingandmarketingexpense": 1696590000,
            "generalandadministrativeexpense": 576431000,
            "operatingexpenses": 3047080000,
            "operatingincomeloss": 245429000,
            "gainlossoninvestments": -37571000,
            "interestincomeexpensenonoperatingnet": 41418000,
            "incomelossfromcontinuingoperationsbeforeincometaxesextraordinaryitemsnoncontrollinginterest": 249276000,
            "incometaxexpensebenefit": 145565000,
            "netincomeloss": 16465000,
            "undistributedearningslossallocatedtoparticipatingsecuritiesbasic": 7000,
            "netincomelossavailabletocommonstockholdersbasic": 16458000,
            "earningspersharebasic": 0.35,
            "earningspersharediluted": 0.34,
            "weightedaveragenumberofsharesoutstandingbasic": 47065597,
            "weightedaveragenumberofdilutedsharesoutstanding": 51818116,
            "othercomprehensiveincomeunrealizedholdinggainlossonsecuritiesarisingduringperiodnetoftax": -32483000,
            "comprehensiveincomenetoftax": 71228000,
            "othercomprehensiveincomeunrealizedholdinggainlossonsecuritiesarisingduringperiodtax": 9834000
        },
        {
            "date": "2022-01-30",
            "symbol": "ZM",
            "period": "FY",
            "revenuefromcontractwithcustomerexcludingassessedtax": 801503000,
            "costofgoodsandservicessold": 1054554000,
            "grossprofit": 3045310000,
            "researchanddevelopmentexpense": 362990000,
            "sellingandmarketingexpense": 1135959000,
            "generalandadministrativeexpense": 482770000,
            "operatingexpenses": 1981719000,
            "operatingincomeloss": 1063591000,
            "gainlossoninvestments": 43761000,
            "interestincomeexpensenonoperatingnet": -5720000,
            "incomelossfromcontinuingoperationsbeforeincometaxesextraordinaryitemsnoncontrollinginterest": 1101632000,
            "incometaxexpensebenefit": -274007000,
            "netincomeloss": 270271000,
            "undistributedearningslossallocatedtoparticipatingsecuritiesbasic": 582000,
            "netincomelossavailabletocommonstockholdersbasic": 269689000,
            "earningspersharebasic": 4.64,
            "earningspersharediluted": 4.5,
            "weightedaveragenumberofsharesoutstandingbasic": 58119958,
            "weightedaveragenumberofdilutedsharesoutstanding": 65295035,
            "othercomprehensiveincomeunrealizedholdinggainlossonsecuritiesarisingduringperiodnetoftax": -18741000,
            "comprehensiveincomenetoftax": 1356898000
        },
        {
            "date": "2021-01-30",
            "symbol": "ZM",
            "period": "FY",
            "revenuefromcontractwithcustomerexcludingassessedtax": 2651368000,
            "costofgoodsandservicessold": 821989000,
            "grossprofit": 1829379000,
            "researchanddevelopmentexpense": 164080000,
            "sellingandmarketingexpense": 684904000,
            "generalandadministrativeexpense": 320547000,
            "operatingexpenses": 1169531000,
            "operatingincomeloss": 659848000,
            "interestincomeexpensenonoperatingnet": 18186000,
            "incomelossfromcontinuingoperationsbeforeincometaxesextraordinaryitemsnoncontrollinginterest": 678034000,
            "incometaxexpensebenefit": 5718000,
            "netincomeloss": 672316000,
            "undistributedearningslossallocatedtoparticipatingsecuritiesbasic": 789000,
            "netincomelossavailabletocommonstockholdersbasic": 671527000,
            "earningspersharebasic": 2.37,
            "earningspersharediluted": 2.25,
            "weightedaveragenumberofsharesoutstandingbasic": 283853654,
            "weightedaveragenumberofdilutedsharesoutstanding": 298127669,
            "othercomprehensiveincomeunrealizedholdinggainlossonsecuritiesarisingduringperiodnetoftax": 30000,
            "comprehensiveincomenetoftax": 672346000
        },
        {
            "date": "2020-01-30",
            "symbol": "ZM",
            "period": "FY",
            "revenuefromcontractwithcustomerexcludingassessedtax": 622658000,
            "costofgoodsandservicessold": 115396000,
            "grossprofit": 507262000,
            "researchanddevelopmentexpense": 67079000,
            "sellingandmarketingexpense": 340646000,
            "generalandadministrativeexpense": 86841000,
            "operatingexpenses": 494566000,
            "operatingincomeloss": 12696000,
            "interestincomeexpensenonoperatingnet": 13666000,
            "incomelossfromcontinuingoperationsbeforeincometaxesextraordinaryitemsnoncontrollinginterest": 26362000,
            "incometaxexpensebenefit": 1057000,
            "netincomeloss": 25305000,
            "undistributedearningslossallocatedtoparticipatingsecuritiesbasic": 3555000,
            "netincomelossavailabletocommonstockholdersbasic": 21750000,
            "earningspersharebasic": 0.09,
            "earningspersharediluted": 0.09,
            "weightedaveragenumberofsharesoutstandingbasic": 233641336,
            "weightedaveragenumberofdilutedsharesoutstanding": 254298014,
            "othercomprehensiveincomeunrealizedholdinggainlossonsecuritiesarisingduringperiodnetoftax": 944000,
            "comprehensiveincomenetoftax": 26249000
        }
    ],
    "SPOT": [
        {
            "date": "2022-12-31",
            "symbol": "SPOT",
            "period": "FY",
            "revenue": 5895000000,
            "costofsales": 1446000000,
            "grossprofit": 30000000,
            "researchanddevelopmentexpense": 1387000000,
            "salesandmarketingexpense": 1572000000,
            "generalandadministrativeexpense": 626000000,
            "operatingexpense": 3585000000,
            "profitlossfromoperatingactivities": -659000000,
            "financeincome": 421000000,
            "financecosts": 132000000,
            "financeincomecost": 289000000,
            "profitlossbeforetax": -370000000,
            "incometaxexpensecontinuingoperations": 60000000,
            "profitlossattributabletoownersofparent": -430000000,
            "basicearningslosspershare": -2.23,
            "dilutedearningslosspershare": -2.93,
            "weightedaverageshares": 192934862,
            "adjustedweightedaverageshares": 195846362,
            "gainslossesonfinancialassetsmeasuredatfairvaluethroughothercomprehensiveincomenetoftax": -15000000,
            "othercomprehensiveincomenetoftaxcashflowhedges": 14000000,
            "othercomprehensiveincomenetoftaxexchangedifferencesontranslation": 83000000,
            "othercomprehensiveincomenetoftaxgainslossesfrominvestmentsinequityinstruments": 190000000,
            "othercomprehensiveincomenetoftaxchangeinfairvalueoffinancialliabilityattributabletochangeincreditriskofliability": 3000000,
            "othercomprehensiveincome": 275000000,
            "comprehensiveincome": -155000000
        },
        {
            "date": "2021-12-31",
            "symbol": "SPOT",
            "period": "FY",
            "revenue": 4976000000,
            "costofsales": 9000000,
            "grossprofit": 117000000,
            "researchanddevelopmentexpense": 119000000,
            "salesandmarketingexpense": 41000000,
            "generalandadministrativeexpense": 54000000,
            "operatingexpense": 2497000000,
            "profitlossfromoperatingactivities": 94000000,
            "financeincome": 246000000,
            "financecosts": 91000000,
            "financeincomecost": 155000000,
            "profitlossbeforetax": 249000000,
            "incometaxexpensecontinuingoperations": 283000000,
            "profitlossattributabletoownersofparent": -34000000,
            "basicearningslosspershare": -0.18,
            "dilutedearningslosspershare": -1.03,
            "weightedaverageshares": 191298397,
            "adjustedweightedaverageshares": 193943455,
            "gainslossesonfinancialassetsmeasuredatfairvaluethroughothercomprehensiveincomenetoftax": -8000000,
            "othercomprehensiveincomenetoftaxcashflowhedges": -1000000,
            "othercomprehensiveincomenetoftaxexchangedifferencesontranslation": 71000000,
            "othercomprehensiveincomenetoftaxgainslossesfrominvestmentsinequityinstruments": -981000000,
            "othercomprehensiveincome": -919000000,
            "comprehensiveincome": -953000000
        },
        {
            "date": "2020-12-31",
            "symbol": "SPOT",
            "period": "FY",
            "revenue": 7880000000,
            "costofsales": 5865000000,
            "grossprofit": 2015000000,
            "researchanddevelopmentexpense": 837000000,
            "salesandmarketingexpense": 1029000000,
            "generalandadministrativeexpense": 442000000,
            "operatingexpense": 2308000000,
            "profitlossfromoperatingactivities": -293000000,
            "financeincome": 94000000,
            "financecosts": 510000000,
            "financeincomecost": -416000000,
            "profitlossbeforetax": -709000000,
            "incometaxexpensecontinuingoperations": -128000000,
            "profitlossattributabletoownersofparent": -581000000,
            "basicearningslosspershare": -3.1,
            "dilutedearningslosspershare": -3.1,
            "weightedaverageshares": 187583307,
            "adjustedweightedaverageshares": 187583307,
            "gainslossesonfinancialassetsmeasuredatfairvaluethroughothercomprehensiveincomenetoftax": 4000000,
            "othercomprehensiveincomenetoftaxcashflowhedges": 1000000,
            "othercomprehensiveincomenetoftaxexchangedifferencesontranslation": -43000000,
            "othercomprehensiveincomenetoftaxgainslossesfrominvestmentsinequityinstruments": 615000000,
            "othercomprehensiveincome": 577000000,
            "comprehensiveincome": -4000000
        },
        {
            "date": "2019-12-31",
            "symbol": "SPOT",
            "period": "FY",
            "revenue": 3491000000,
            "costofsales": 4000000,
            "grossprofit": 101000000,
            "researchanddevelopmentexpense": 61000000,
            "salesandmarketingexpense": 27000000,
            "generalandadministrativeexpense": 30000000,
            "operatingexpense": 1795000000,
            "profitlossfromoperatingactivities": -73000000,
            "financeincome": 275000000,
            "financecosts": 333000000,
            "financeincomecost": -58000000,
            "profitlossbeforetax": -131000000,
            "incometaxexpensecontinuingoperations": 55000000,
            "profitlossattributabletoownersofparent": -186000000,
            "basicearningslosspershare": -1.03,
            "dilutedearningslosspershare": -1.03,
            "weightedaverageshares": 180960579,
            "adjustedweightedaverageshares": 180960579,
            "gainslossesonfinancialassetsmeasuredatfairvaluethroughothercomprehensiveincomenetoftax": 5000000,
            "othercomprehensiveincomenetoftaxcashflowhedges": -3000000,
            "othercomprehensiveincomenetoftaxexchangedifferencesontranslation": 4000000,
            "othercomprehensiveincomenetoftaxgainslossesfrominvestmentsinequityinstruments": -117000000,
            "othercomprehensiveincome": -111000000,
            "comprehensiveincome": -297000000
        },
        {
            "date": "2018-12-31",
            "symbol": "SPOT",
            "period": "FY",
            "revenue": 2707000000,
            "costofsales": 3000000,
            "grossprofit": 97000000,
            "researchanddevelopmentexpense": 40000000,
            "salesandmarketingexpense": 19000000,
            "generalandadministrativeexpense": 26000000,
            "operatingexpense": 1396000000,
            "profitlossfromoperatingactivities": -43000000,
            "financeincome": 455000000,
            "financecosts": 584000000,
            "shareofprofitlossofassociatesaccountedforusingequitymethod": -1000000,
            "financeincomecost": -130000000,
            "profitlossbeforetax": -173000000,
            "incometaxexpensecontinuingoperations": -95000000,
            "profitlossattributabletoownersofparent": -78000000,
            "basicearningslosspershare": -0.44,
            "dilutedearningslosspershare": -0.51,
            "weightedaverageshares": 177154405,
            "adjustedweightedaverageshares": 181210292,
            "gainslossesonfinancialassetsmeasuredatfairvaluethroughothercomprehensiveincomenetoftax": 1000000,
            "othercomprehensiveincomenetoftaxcashflowhedges": -1000000,
            "othercomprehensiveincomenetoftaxexchangedifferencesontranslation": -8000000,
            "othercomprehensiveincomenetoftaxgainslossesfrominvestmentsinequityinstruments": 572000000,
            "othercomprehensiveincome": 564000000,
            "comprehensiveincome": 486000000
        }
    ],
    "PLTR": [
        {
            "date": "2023-12-30",
            "symbol": "PLTR",
            "period": "FY",
            "revenuefromcontractwithcustomerexcludingassessedtax": 2225012000,
            "costofrevenue": 431105000,
            "grossprofit": 1793907000,
            "sellingandmarketingexpense": 744992000,
            "researchanddevelopmentexpense": 404624000,
            "generalandadministrativeexpense": 524325000,
            "operatingexpenses": 1673941000,
            "operatingincomeloss": 119966000,
            "investmentincomeinterest": 132572000,
            "interestexpense": 3470000,
            "othernonoperatingincomeexpense": -11977000,
            "incomelossfromcontinuingoperationsbeforeincometaxesextraordinaryitemsnoncontrollinginterest": 237091000,
            "incometaxexpensebenefit": 19716000,
            "profitloss": 217375000,
            "netincomelossattributabletononcontrollinginterest": 7550000,
            "netincomeloss": 209825000,
            "earningspersharebasic": 0.1,
            "earningspersharediluted": 0.09,
            "weightedaveragenumberofsharesoutstandingbasic": 2147446000,
            "weightedaveragenumberofdilutedsharesoutstanding": 2297927000,
            "othercomprehensiveincomelossforeigncurrencytransactionandtranslationadjustmentnetoftax": 2699000,
            "othercomprehensiveincomelossavailableforsalesecuritiesadjustmentnetoftax": 3435000,
            "comprehensiveincomenetoftaxincludingportionattributabletononcontrollinginterest": 223509000,
            "comprehensiveincomenetoftaxattributabletononcontrollinginterest": 7550000,
            "comprehensiveincomenetoftax": 215959000
        },
        {
            "date": "2022-12-30",
            "symbol": "PLTR",
            "period": "FY",
            "revenuefromcontractwithcustomerexcludingassessedtax": 1905871000,
            "costofrevenue": 408549000,
            "grossprofit": 1497322000,
            "sellingandmarketingexpense": 702511000,
            "researchanddevelopmentexpense": 359679000,
            "generalandadministrativeexpense": 596333000,
            "operatingexpenses": 1658523000,
            "operatingincomeloss": -161201000,
            "investmentincomeinterest": 20309000,
            "interestexpense": 4058000,
            "othernonoperatingincomeexpense": -216077000,
            "incomelossfromcontinuingoperationsbeforeincometaxesextraordinaryitemsnoncontrollinginterest": -361027000,
            "incometaxexpensebenefit": 10067000,
            "profitloss": -371094000,
            "netincomelossattributabletononcontrollinginterest": 2611000,
            "netincomeloss": -373705000,
            "earningspersharebasic": -0.18,
            "earningspersharediluted": -0.18,
            "weightedaveragenumberofsharesoutstandingbasic": 2063793000,
            "weightedaveragenumberofdilutedsharesoutstanding": 2063793000,
            "othercomprehensiveincomelossforeigncurrencytransactionandtranslationadjustmentnetoftax": -2984000,
            "comprehensiveincomenetoftaxincludingportionattributabletononcontrollinginterest": -374078000,
            "othercomprehensiveincomelossnetoftaxportionattributabletononcontrollinginterest": 2611000,
            "comprehensiveincomenetoftax": -376689000
        },
        {
            "date": "2021-12-30",
            "symbol": "PLTR",
            "period": "FY",
            "revenuefromcontractwithcustomerexcludingassessedtax": 1541889000,
            "costofrevenue": 339404000,
            "grossprofit": 1202485000,
            "sellingandmarketingexpense": 614512000,
            "researchanddevelopmentexpense": 387487000,
            "generalandadministrativeexpense": 611532000,
            "operatingexpenses": 1613531000,
            "operatingincomeloss": -411046000,
            "investmentincomeinterest": 1607000,
            "interestexpense": 3640000,
            "othernonoperatingincomeexpense": -75415000,
            "incomelossfromcontinuingoperationsbeforeincometaxesextraordinaryitemsnoncontrollinginterest": -488494000,
            "incometaxexpensebenefit": 31885000,
            "netincomeloss": -520379000,
            "earningspersharebasic": -0.27,
            "earningspersharediluted": -0.27,
            "weightedaveragenumberofsharesoutstandingbasic": 1923617000,
            "weightedaveragenumberofdilutedsharesoutstanding": 1923617000,
            "othercomprehensiveincomelossforeigncurrencytransactionandtranslationadjustmentnetoftax": 396000,
            "comprehensiveincomenetoftax": -519983000
        },
        {
            "date": "2020-12-30",
            "symbol": "PLTR",
            "period": "FY",
            "revenuefromcontractwithcustomerexcludingassessedtax": 1092673000,
            "costofrevenue": 352547000,
            "grossprofit": 740126000,
            "sellingandmarketingexpense": 683701000,
            "researchanddevelopmentexpense": 560660000,
            "generalandadministrativeexpense": 669444000,
            "operatingexpenses": 1913805000,
            "operatingincomeloss": -1173679000,
            "investmentincomeinterest": 4680000,
            "interestexpense": 14139000,
            "fairvalueadjustmentofwarrants": -811000,
            "othernonoperatingincomeexpense": 3300000,
            "incomelossfromcontinuingoperationsbeforeincometaxesextraordinaryitemsnoncontrollinginterest": 24655000,
            "incometaxexpensebenefit": 18200000,
            "netincomeloss": -1166391000,
            "netincomelossavailabletocommonstockholdersbasic": -1166391000,
            "earningspersharebasic": -1.19,
            "earningspersharediluted": -1.2,
            "weightedaveragenumberofsharesoutstandingbasic": 977721736,
            "weightedaveragenumberofdilutedsharesoutstanding": 979330067,
            "othercomprehensiveincomelossforeigncurrencytransactionandtranslationadjustmentnetoftax": -2042000,
            "comprehensiveincomenetoftax": -1168433000
        }
    ],
    "TWLO": [
        {
            "date": "2023-12-30",
            "symbol": "TWLO",
            "period": "FY",
            "revenuefromcontractwithcustomerexcludingassessedtax": 4153945000,
            "costofrevenue": 2110015000,
            "grossprofit": 2043930000,
            "researchanddevelopmentexpense": 942790000,
            "sellingandmarketingexpense": 1022985000,
            "generalandadministrativeexpense": 468459000,
            "restructuringcharges": 165733000,
            "impairmentoflonglivedassetstobedisposedof": 320504000,
            "operatingexpenses": 2920471000,
            "operatingincomeloss": -876541000,
            "incomelossfromequitymethodinvestments": -121897000,
            "equitysecuritieswithoutreadilydeterminablefairvalueimpairmentlossannualamount": 46154000,
            "othernonoperatingincomeexpense": 47863000,
            "nonoperatingincomeexpense": -120188000,
            "incomelossfromcontinuingoperationsbeforeincometaxesextraordinaryitemsnoncontrollinginterest": -996729000,
            "incometaxexpensebenefit": 18712000,
            "netincomeloss": -1015441000,
            "earningspersharebasic": -5.54,
            "earningspersharediluted": -5.54,
            "weightedaveragenumberofsharesoutstandingbasic": 183327844,
            "weightedaveragenumberofdilutedsharesoutstanding": 183327844,
            "othercomprehensiveincomeavailableforsalesecuritiesadjustmentnetoftaxportionattributabletoparent": 99742000,
            "othercomprehensiveincomeforeigncurrencytransactionandtranslationadjustmentnetoftaxportionattributabletoparent": 5587000,
            "othercomprehensiveincomelosscashflowhedgegainlossafterreclassificationandtaxparent": 898000,
            "ociequitymethodinvestmentaftertax": 15553000,
            "othercomprehensiveincomelossnetoftaxportionattributabletoparent": 121780000,
            "comprehensiveincomenetoftax": -893661000
        },
        {
            "date": "2022-12-30",
            "symbol": "TWLO",
            "period": "FY",
            "revenuefromcontractwithcustomerexcludingassessedtax": 133604000,
            "costofrevenue": 2012744000,
            "grossprofit": 1813577000,
            "researchanddevelopmentexpense": 1079081000,
            "sellingandmarketingexpense": 1248032000,
            "generalandadministrativeexpense": 517414000,
            "restructuringcharges": 62361000,
            "impairmentoflonglivedassetstobedisposedof": 97722000,
            "operatingexpenses": 3018885000,
            "operatingincomeloss": -1205308000,
            "incomelossfromequitymethodinvestments": -35315000,
            "othernonoperatingincomeexpense": -3009000,
            "nonoperatingincomeexpense": -38324000,
            "incomelossfromcontinuingoperationsbeforeincometaxesextraordinaryitemsnoncontrollinginterest": -1243632000,
            "incometaxexpensebenefit": 12513000,
            "netincomeloss": -1256145000,
            "earningspersharebasic": -6.86,
            "earningspersharediluted": -6.86,
            "weightedaveragenumberofsharesoutstandingbasic": 182994038,
            "weightedaveragenumberofdilutedsharesoutstanding": 182994038,
            "othercomprehensiveincomeavailableforsalesecuritiesadjustmentnetoftaxportionattributabletoparent": -83049000,
            "othercomprehensiveincomeforeigncurrencytransactionandtranslationadjustmentnetoftaxportionattributabletoparent": -5587000,
            "othercomprehensiveincomelosscashflowhedgegainlossafterreclassificationandtaxparent": 556000,
            "ociequitymethodinvestmentaftertax": -14900000,
            "othercomprehensiveincomelossnetoftaxportionattributabletoparent": -103020000,
            "comprehensiveincomenetoftax": -1359165000
        },
        {
            "date": "2021-12-30",
            "symbol": "TWLO",
            "period": "FY",
            "revenuefromcontractwithcustomerexcludingassessedtax": 959966000,
            "costofrevenue": 1451126000,
            "grossprofit": 1390713000,
            "researchanddevelopmentexpense": 789219000,
            "sellingandmarketingexpense": 1044618000,
            "generalandadministrativeexpense": 472460000,
            "operatingexpenses": 2306297000,
            "operatingincomeloss": -915584000,
            "othernonoperatingincomeexpense": -45345000,
            "incomelossfromcontinuingoperationsbeforeincometaxesextraordinaryitemsnoncontrollinginterest": -960929000,
            "incometaxexpensebenefit": -11029000,
            "netincomeloss": -949900000,
            "earningspersharebasic": -5.45,
            "earningspersharediluted": -5.45,
            "weightedaveragenumberofsharesoutstandingbasic": 174180465,
            "weightedaveragenumberofdilutedsharesoutstanding": 174180465,
            "othercomprehensiveincomeavailableforsalesecuritiesadjustmentnetoftaxportionattributabletoparent": -27215000,
            "othercomprehensiveincomeforeigncurrencytransactionandtranslationadjustmentnetoftaxportionattributabletoparent": -266000,
            "othercomprehensiveincomelosscashflowhedgegainlossafterreclassificationandtaxparent": 294000,
            "othercomprehensiveincomelossnetoftaxportionattributabletoparent": -27187000,
            "comprehensiveincomenetoftax": -977087000
        },
        {
            "date": "2020-12-30",
            "symbol": "TWLO",
            "period": "FY",
            "revenuefromcontractwithcustomerexcludingassessedtax": 1761776000,
            "costofrevenue": 846115000,
            "grossprofit": 915661000,
            "researchanddevelopmentexpense": 530548000,
            "sellingandmarketingexpense": 567407000,
            "generalandadministrativeexpense": 310607000,
            "operatingexpenses": 1408562000,
            "operatingincomeloss": -492901000,
            "othernonoperatingincomeexpense": -11525000,
            "incomelossfromcontinuingoperationsbeforeincometaxesextraordinaryitemsnoncontrollinginterest": -504426000,
            "incometaxexpensebenefit": -13447000,
            "netincomelossavailabletocommonstockholdersbasic": -490979000,
            "earningspersharebasicanddiluted": -3.35,
            "weightedaveragenumberofshareoutstandingbasicanddiluted": 146708663,
            "othercomprehensiveincomeavailableforsalesecuritiesadjustmentnetoftaxportionattributabletoparent": 3674000,
            "othercomprehensiveincomeforeigncurrencytransactionandtranslationadjustmentnetoftaxportionattributabletoparent": 286000,
            "othercomprehensiveincomelossnetoftaxportionattributabletoparent": 3960000,
            "comprehensiveincomenetoftax": -487019000
        },
        {
            "date": "2019-12-30",
            "symbol": "TWLO",
            "period": "FY",
            "netincomelossavailabletocommonstockholdersbasic": -307063000,
            "othercomprehensiveincomeavailableforsalesecuritiesadjustmentnetoftaxportionattributabletoparent": 3804000,
            "othercomprehensiveincomelossnetoftaxportionattributabletoparent": 3804000,
            "comprehensiveincomenetoftax": -303259000,
            "revenuefromcontractwithcustomerexcludingassessedtax": 1134468000,
            "costofrevenue": 525551000,
            "grossprofit": 608917000,
            "researchanddevelopmentexpense": 391355000,
            "sellingandmarketingexpense": 369079000,
            "generalandadministrativeexpense": 218268000,
            "operatingexpenses": 978702000,
            "operatingincomeloss": -369785000,
            "othernonoperatingincomeexpense": 7569000,
            "incomelossfromcontinuingoperationsbeforeincometaxesextraordinaryitemsnoncontrollinginterest": -362216000,
            "incometaxexpensebenefit": -55153000,
            "earningspersharebasicanddiluted": -2.36,
            "weightedaveragenumberofshareoutstandingbasicanddiluted": 130083046
        }
    ],
    "SQ": [
        {
            "date": "2023-12-30",
            "symbol": "SQ",
            "period": "FY",
            "revenues": 6315301000,
            "costofgoodsandservicessold": 3702016000,
            "costofgoodsandservicessoldamortization": 72829000,
            "costofrevenue": 14410737000,
            "grossprofit": 7504886000,
            "researchanddevelopmentexpense": 2720819000,
            "sellingandmarketingexpense": 2019009000,
            "generalandadministrativeexpense": 2209190000,
            "provisionforloanleaseandotherlosses": 660663000,
            "amortizationofintangibleassets": 174044000,
            "costsandexpenses": 7783725000,
            "operatingincomeloss": -278839000,
            "interestincomeexpensenet": 47221000,
            "othernonoperatingincomeexpense": 202475000,
            "incomelossfromcontinuingoperationsbeforeincometaxesextraordinaryitemsnoncontrollinginterest": -29143000,
            "incometaxexpensebenefit": -8019000,
            "profitloss": -21124000,
            "netincomelossattributabletononcontrollinginterest": -30896000,
            "netincomeloss": 9772000,
            "earningspersharebasic": 0.02,
            "earningspersharediluted": 0.02,
            "weightedaveragenumberofsharesoutstandingbasic": 608856000,
            "weightedaveragenumberofdilutedsharesoutstanding": 614024000,
            "othercomprehensiveincomelossforeigncurrencytransactionandtranslationadjustmentnetoftax": 104728000,
            "othercomprehensiveincomelossavailableforsalesecuritiesadjustmentnetoftax": 40055000,
            "comprehensiveincomenetoftaxincludingportionattributabletononcontrollinginterest": 123659000
        },
        {
            "date": "2022-12-30",
            "symbol": "SQ",
            "period": "FY",
            "revenues": 5701540000,
            "costofgoodsandservicessold": 3364028000,
            "costofgoodsandservicessoldamortization": 70194000,
            "costofrevenue": 11539695000,
            "grossprofit": 5991892000,
            "researchanddevelopmentexpense": 2135612000,
            "sellingandmarketingexpense": 2057951000,
            "generalandadministrativeexpense": 1686849000,
            "provisionforloanleaseandotherlosses": 550683000,
            "impairmentofintangibleassetsindefinitelivedexcludinggoodwill": 46571000,
            "amortizationofintangibleassets": 138758000,
            "costsandexpenses": 6616424000,
            "operatingincomeloss": -624532000,
            "interestincomeexpensenet": -36228000,
            "othernonoperatingincomeexpense": 95443000,
            "incomelossfromcontinuingoperationsbeforeincometaxesextraordinaryitemsnoncontrollinginterest": -565317000,
            "incometaxexpensebenefit": -12312000,
            "profitloss": -553005000,
            "netincomelossattributabletononcontrollinginterest": -12258000,
            "netincomeloss": -540747000,
            "earningspersharebasic": -0.93,
            "earningspersharediluted": -0.93,
            "weightedaveragenumberofsharesoutstandingbasic": 578949000,
            "weightedaveragenumberofdilutedsharesoutstanding": 578949000,
            "othercomprehensiveincomeforeigncurrencytransactionandtranslationadjustmentnetoftaxportionattributabletoparent": -471166000,
            "othercomprehensiveincomeavailableforsalesecuritiesadjustmentnetoftaxportionattributabletoparent": -35489000,
            "comprehensiveincomenetoftax": -1059660000
        },
        {
            "date": "2021-12-30",
            "symbol": "SQ",
            "period": "FY",
            "revenues": 4793146000,
            "costofgoodsandservicessold": 2729442000,
            "costofrevenue": 13241380000,
            "grossprofit": 4419823000,
            "researchanddevelopmentexpense": 1399079000,
            "sellingandmarketingexpense": 1617189000,
            "generalandadministrativeexpense": 983326000,
            "provisionforloanleaseandotherlosses": 187991000,
            "impairmentofintangibleassetsindefinitelivedexcludinggoodwill": 71126000,
            "costsandexpenses": 4258711000,
            "operatingincomeloss": 161112000,
            "interestincomeexpensenet": -33124000,
            "othernonoperatingincomeexpense": 29474000,
            "incomelossfromcontinuingoperationsbeforeincometaxesextraordinaryitemsnoncontrollinginterest": 157462000,
            "incometaxexpensebenefit": -1364000,
            "profitloss": 158826000,
            "netincomelossattributabletononcontrollinginterest": -7458000,
            "netincomeloss": 166284000,
            "earningspersharebasic": 0.36,
            "earningspersharediluted": 0.33,
            "weightedaveragenumberofsharesoutstandingbasic": 458432000,
            "weightedaveragenumberofdilutedsharesoutstanding": 501779000,
            "othercomprehensiveincomeforeigncurrencytransactionandtranslationadjustmentnetoftaxportionattributabletoparent": -24667000,
            "othercomprehensiveincomeavailableforsalesecuritiesadjustmentnetoftaxportionattributabletoparent": -15096000,
            "comprehensiveincomenetoftax": 119063000
        },
        {
            "date": "2020-12-30",
            "symbol": "SQ",
            "period": "FY",
            "revenuefromcontractwithcustomerexcludingassessedtax": 3294978000,
            "revenues": 1539403000,
            "costofgoodsandservicessold": 1911848000,
            "costofgoodsandservicessoldamortization": 11174000,
            "costofrevenue": 6764169000,
            "grossprofit": 2733409000,
            "researchanddevelopmentexpense": 881826000,
            "sellingandmarketingexpense": 1109670000,
            "generalandadministrativeexpense": 579203000,
            "provisionforloanleaseandotherlosses": 177670000,
            "amortizationofintangibleassets": 3855000,
            "costsandexpenses": 2752224000,
            "operatingincomeloss": -18815000,
            "interestincomeexpensenet": -56943000,
            "othernonoperatingincomeexpense": 291725000,
            "incomelossfromcontinuingoperationsbeforeincometaxesextraordinaryitemsnoncontrollinginterest": 215967000,
            "incometaxexpensebenefit": 2862000,
            "netincomeloss": 213105000,
            "earningspersharebasic": 0.48,
            "earningspersharediluted": 0.44,
            "weightedaveragenumberofsharesoutstandingbasic": 443126000,
            "weightedaveragenumberofdilutedsharesoutstanding": 482167000,
            "othercomprehensiveincomeforeigncurrencytransactionandtranslationadjustmentnetoftaxportionattributabletoparent": 20439000,
            "othercomprehensiveincomeavailableforsalesecuritiesadjustmentnetoftaxportionattributabletoparent": 1260000,
            "comprehensiveincomenetoftax": 234804000
        },
        {
            "date": "2019-12-30",
            "symbol": "SQ",
            "period": "FY",
            "revenuefromcontractwithcustomerexcludingassessedtax": 3081074000,
            "revenues": 1031456000,
            "costofgoodsandservicessold": 1937971000,
            "costofgoodsandservicessoldamortization": 6950000,
            "costofrevenue": 2823815000,
            "grossprofit": 1889685000,
            "researchanddevelopmentexpense": 670606000,
            "sellingandmarketingexpense": 624832000,
            "generalandadministrativeexpense": 436250000,
            "provisionforloanleaseandotherlosses": 126959000,
            "amortizationofintangibleassets": 4481000,
            "costsandexpenses": 1863128000,
            "operatingincomeloss": 26557000,
            "disposalgroupnotdiscontinuedoperationgainlossondisposal": 373445000,
            "interestincomeexpensenet": -21516000,
            "othernonoperatingincomeexpense": -273000,
            "incomelossfromcontinuingoperationsbeforeincometaxesextraordinaryitemsnoncontrollinginterest": 378213000,
            "incometaxexpensebenefit": 2767000,
            "netincomeloss": 375446000,
            "earningspersharebasic": 0.88,
            "earningspersharediluted": 0.81,
            "weightedaveragenumberofsharesoutstandingbasic": 424999000,
            "weightedaveragenumberofdilutedsharesoutstanding": 466076000,
            "othercomprehensiveincomeforeigncurrencytransactionandtranslationadjustmentnetoftaxportionattributabletoparent": 1879000,
            "adjustmentforlongtermintercompanytransactionsnetoftax": 75000,
            "othercomprehensiveincomeavailableforsalesecuritiesadjustmentnetoftaxportionattributabletoparent": 5728000,
            "comprehensiveincomenetoftax": 383128000
        }
    ],
    "SNAP": [
        {
            "date": "2023-12-30",
            "symbol": "SNAP",
            "period": "FY",
            "revenuefromcontractwithcustomerexcludingassessedtax": 4606115000,
            "costofrevenue": 2114117000,
            "researchanddevelopmentexpense": 1910862000,
            "sellingandmarketingexpense": 1122092000,
            "generalandadministrativeexpense": 857423000,
            "costsandexpenses": 6004494000,
            "operatingincomeloss": -1398379000,
            "investmentincomeinterest": 168394000,
            "interestexpense": 22024000,
            "othernonoperatingincomeexpense": -42414000,
            "incomelossfromcontinuingoperationsbeforeincometaxesextraordinaryitemsnoncontrollinginterest": -1294423000,
            "incometaxexpensebenefit": 28062000,
            "netincomeloss": -1322485000,
            "earningspersharebasic": -0.82,
            "earningspersharediluted": -0.82,
            "weightedaveragenumberofsharesoutstandingbasic": 1612504000,
            "weightedaveragenumberofdilutedsharesoutstanding": 1612504000,
            "othercomprehensiveincomeavailableforsalesecuritiesadjustmentnetoftaxportionattributabletoparent": 8269000,
            "othercomprehensiveincomeforeigncurrencytransactionandtranslationadjustmentnetoftaxportionattributabletoparent": 12836000,
            "othercomprehensiveincomelossnetoftaxportionattributabletoparent": 21105000,
            "comprehensiveincomenetoftax": -1301380000
        },
        {
            "date": "2022-12-30",
            "symbol": "SNAP",
            "period": "FY",
            "revenuefromcontractwithcustomerexcludingassessedtax": 4601847000,
            "costofrevenue": 1815342000,
            "researchanddevelopmentexpense": 2109800000,
            "sellingandmarketingexpense": 1118746000,
            "generalandadministrativeexpense": 953265000,
            "costsandexpenses": 5997153000,
            "operatingincomeloss": -1395306000,
            "investmentincomeinterest": 58597000,
            "interestexpense": 21459000,
            "othernonoperatingincomeexpense": -42529000,
            "incomelossfromcontinuingoperationsbeforeincometaxesextraordinaryitemsnoncontrollinginterest": -1400697000,
            "incometaxexpensebenefit": 28956000,
            "netincomeloss": -1429653000,
            "earningspersharebasic": -0.89,
            "earningspersharediluted": -0.89,
            "weightedaveragenumberofsharesoutstandingbasic": 1608304000,
            "weightedaveragenumberofdilutedsharesoutstanding": 1608304000,
            "othercomprehensiveincomeavailableforsalesecuritiesadjustmentnetoftaxportionattributabletoparent": -9307000,
            "othercomprehensiveincomeforeigncurrencytransactionandtranslationadjustmentnetoftaxportionattributabletoparent": -10188000,
            "othercomprehensiveincomelossnetoftaxportionattributabletoparent": -19495000,
            "comprehensiveincomenetoftax": -1449148000
        },
        {
            "date": "2021-12-30",
            "symbol": "SNAP",
            "period": "FY",
            "revenuefromcontractwithcustomerexcludingassessedtax": 4117048000,
            "costofrevenue": 1750246000,
            "researchanddevelopmentexpense": 1565467000,
            "sellingandmarketingexpense": 792764000,
            "generalandadministrativeexpense": 710640000,
            "costsandexpenses": 4819117000,
            "operatingincomeloss": -702069000,
            "investmentincomeinterest": 5199000,
            "interestexpense": 17676000,
            "othernonoperatingincomeexpense": 240175000,
            "incomelossfromcontinuingoperationsbeforeincometaxesextraordinaryitemsnoncontrollinginterest": -474371000,
            "incometaxexpensebenefit": 13584000,
            "netincomeloss": -487955000,
            "earningspersharebasic": -0.31,
            "earningspersharediluted": -0.31,
            "weightedaveragenumberofsharesoutstandingbasic": 1558997000,
            "weightedaveragenumberofdilutedsharesoutstanding": 1558997000,
            "othercomprehensiveincomeavailableforsalesecuritiesadjustmentnetoftaxportionattributabletoparent": -1735000,
            "othercomprehensiveincomeforeigncurrencytransactionandtranslationadjustmentnetoftaxportionattributabletoparent": -14107000,
            "othercomprehensiveincomelossnetoftaxportionattributabletoparent": -15842000,
            "comprehensiveincomenetoftax": -503797000
        },
        {
            "date": "2020-12-30",
            "symbol": "SNAP",
            "period": "FY",
            "revenuefromcontractwithcustomerexcludingassessedtax": 2506626000,
            "costofrevenue": 1182505000,
            "researchanddevelopmentexpense": 1101561000,
            "sellingandmarketingexpense": 555468000,
            "generalandadministrativeexpense": 529164000,
            "costsandexpenses": 3368698000,
            "operatingincomeloss": -862072000,
            "investmentincomeinterest": 18127000,
            "interestexpense": 97228000,
            "othernonoperatingincomeexpense": 14988000,
            "incomelossfromcontinuingoperationsbeforeincometaxesextraordinaryitemsnoncontrollinginterest": -926185000,
            "incometaxexpensebenefit": 18654000,
            "netincomeloss": -944839000,
            "earningspersharebasic": -0.65,
            "earningspersharediluted": -0.65,
            "weightedaveragenumberofsharesoutstandingbasic": 1455693000,
            "weightedaveragenumberofdilutedsharesoutstanding": 1455693000,
            "othercomprehensiveincomeavailableforsalesecuritiesadjustmentnetoftaxportionattributabletoparent": -516000,
            "othercomprehensiveincomeforeigncurrencytransactionandtranslationadjustmentnetoftaxportionattributabletoparent": 21306000,
            "othercomprehensiveincomelossnetoftaxportionattributabletoparent": 20790000,
            "comprehensiveincomenetoftax": -924049000
        },
        {
            "date": "2019-12-30",
            "symbol": "SNAP",
            "period": "FY",
            "revenuefromcontractwithcustomerexcludingassessedtax": 1715534000,
            "costofrevenue": 895838000,
            "researchanddevelopmentexpense": 883509000,
            "sellingandmarketingexpense": 458598000,
            "generalandadministrativeexpense": 580917000,
            "costsandexpenses": 2818862000,
            "operatingincomeloss": -1103328000,
            "investmentincomeinterest": 36042000,
            "interestexpense": 24994000,
            "othernonoperatingincomeexpense": 59013000,
            "incomelossfromcontinuingoperationsbeforeincometaxesextraordinaryitemsnoncontrollinginterest": -1033267000,
            "incometaxexpensebenefit": 393000,
            "netincomeloss": -1033660000,
            "earningspersharebasic": -0.75,
            "earningspersharediluted": -0.75,
            "weightedaveragenumberofsharesoutstandingbasic": 1375462000,
            "weightedaveragenumberofdilutedsharesoutstanding": 1375462000,
            "othercomprehensiveincomeavailableforsalesecuritiesadjustmentnetoftaxportionattributabletoparent": 797000,
            "othercomprehensiveincomeforeigncurrencytransactionandtranslationadjustmentnetoftaxportionattributabletoparent": -3371000,
            "othercomprehensiveincomelossnetoftaxportionattributabletoparent": -2574000,
            "comprehensiveincomenetoftax": -1036234000
        }
    ],
    "UBER": [
        {
            "date": "2023-12-30",
            "symbol": "UBER",
            "period": "FY",
            "revenues": 37281000000,
            "costofgoodsandserviceexcludingdepreciationdepletionandamortization": 22457000000,
            "operationsandsupportexpense": 2689000000,
            "sellingandmarketingexpense": 4356000000,
            "researchanddevelopmentexpense": 3164000000,
            "generalandadministrativeexpense": 2682000000,
            "depreciationdepletionandamortization": 823000000,
            "costsandexpenses": 36171000000,
            "operatingincomeloss": 1110000000,
            "interestexpense": 633000000,
            "nonoperatingincomeexpense": 1844000000,
            "incomelossfromcontinuingoperationsbeforeincometaxesminorityinterestandincomelossfromequitymethodinvestments": 2321000000,
            "incometaxexpensebenefit": 213000000,
            "incomelossfromequitymethodinvestments": 48000000,
            "profitloss": 2156000000,
            "netincomelossattributabletononcontrollinginterest": 269000000,
            "netincomeloss": 1887000000,
            "earningspersharebasic": 0.93,
            "earningspersharediluted": 0.87,
            "weightedaveragenumberofsharesoutstandingbasic": 2035651000,
            "weightedaveragenumberofdilutedsharesoutstanding": 2091782000,
            "othercomprehensiveincomelossforeigncurrencytransactionandtranslationadjustmentnetoftax": 17000000,
            "othercomprehensiveincomelossavailableforsalesecuritiesadjustmentnetoftax": 5000000,
            "othercomprehensiveincomelossnetoftax": 22000000,
            "comprehensiveincomenetoftaxincludingportionattributabletononcontrollinginterest": 2178000000,
            "comprehensiveincomenetoftaxattributabletononcontrollinginterest": 269000000,
            "comprehensiveincomenetoftax": 1909000000
        },
        {
            "date": "2022-12-30",
            "symbol": "UBER",
            "period": "FY",
            "revenues": 9709000000,
            "costofgoodsandserviceexcludingdepreciationdepletionandamortization": 3800000000,
            "operationsandsupportexpense": 2413000000,
            "sellingandmarketingexpense": 4756000000,
            "researchanddevelopmentexpense": 2798000000,
            "generalandadministrativeexpense": 3136000000,
            "depreciationdepletionandamortization": 947000000,
            "costsandexpenses": 33709000000,
            "operatingincomeloss": -1832000000,
            "interestexpense": 565000000,
            "nonoperatingincomeexpense": -7029000000,
            "incomelossfromcontinuingoperationsbeforeincometaxesminorityinterestandincomelossfromequitymethodinvestments": -9426000000,
            "incometaxexpensebenefit": -181000000,
            "incomelossfromequitymethodinvestments": 107000000,
            "profitloss": -9138000000,
            "netincomelossattributabletononcontrollinginterest": 3000000,
            "netincomeloss": -9141000000,
            "earningspersharebasic": -4.64,
            "earningspersharediluted": -4.65,
            "weightedaveragenumberofsharesoutstandingbasic": 1972131000,
            "weightedaveragenumberofdilutedsharesoutstanding": 1974928000,
            "othercomprehensiveincomelossforeigncurrencytransactionandtranslationadjustmentnetoftax": 81000000,
            "othercomprehensiveincomelossnetoftax": 81000000,
            "comprehensiveincomenetoftaxincludingportionattributabletononcontrollinginterest": -9057000000,
            "comprehensiveincomenetoftaxattributabletononcontrollinginterest": 3000000,
            "comprehensiveincomenetoftax": -9060000000
        },
        {
            "date": "2021-12-30",
            "symbol": "UBER",
            "period": "FY",
            "revenues": 8397000000,
            "costofgoodsandserviceexcludingdepreciationdepletionandamortization": 2400000000,
            "operationsandsupportexpense": 1877000000,
            "sellingandmarketingexpense": 4789000000,
            "researchanddevelopmentexpense": 2054000000,
            "generalandadministrativeexpense": 2316000000,
            "depreciationdepletionandamortization": 902000000,
            "costsandexpenses": 21289000000,
            "operatingincomeloss": -3834000000,
            "interestexpense": 483000000,
            "nonoperatingincomeexpense": 3292000000,
            "incomelossfromcontinuingoperationsbeforeincometaxesminorityinterestandincomelossfromequitymethodinvestments": -1025000000,
            "incometaxexpensebenefit": -492000000,
            "incomelossfromequitymethodinvestments": -37000000,
            "profitloss": -570000000,
            "netincomelossattributabletononcontrollinginterest": -74000000,
            "netincomeloss": -496000000,
            "earningspersharebasic": -0.26,
            "earningspersharediluted": -0.29,
            "weightedaveragenumberofsharesoutstandingbasic": 1892546000,
            "weightedaveragenumberofdilutedsharesoutstanding": 1895519000,
            "othercomprehensiveincomelossforeigncurrencytransactionandtranslationadjustmentnetoftax": 57000000,
            "othercomprehensiveincomelossavailableforsalesecuritiesadjustmentnetoftax": -46000000,
            "othercomprehensiveincomelossnetoftax": 11000000,
            "comprehensiveincomenetoftaxincludingportionattributabletononcontrollinginterest": -559000000,
            "comprehensiveincomenetoftaxattributabletononcontrollinginterest": -74000000,
            "comprehensiveincomenetoftax": -485000000
        },
        {
            "date": "2020-12-30",
            "symbol": "UBER",
            "period": "FY",
            "revenues": 11139000000,
            "costofgoodsandserviceexcludingdepreciationdepletionandamortization": 5154000000,
            "operationsandsupportexpense": 1819000000,
            "sellingandmarketingexpense": 3583000000,
            "researchanddevelopmentexpense": 2205000000,
            "generalandadministrativeexpense": 2666000000,
            "depreciationdepletionandamortization": 575000000,
            "costsandexpenses": 16002000000,
            "operatingincomeloss": -4863000000,
            "interestexpense": 458000000,
            "nonoperatingincomeexpense": -1625000000,
            "incomelossfromcontinuingoperationsbeforeincometaxesminorityinterestandincomelossfromequitymethodinvestments": -6946000000,
            "incometaxexpensebenefit": -192000000,
            "incomelossfromequitymethodinvestments": -34000000,
            "profitloss": -6788000000,
            "netincomelossattributabletononcontrollinginterest": -20000000,
            "netincomeloss": -6768000000,
            "earningspersharebasic": -3.86,
            "earningspersharediluted": -3.86,
            "weightedaveragenumberofsharesoutstandingbasic": 1752960000,
            "weightedaveragenumberofdilutedsharesoutstanding": 1752960000,
            "othercomprehensiveincomelossforeigncurrencytransactionandtranslationadjustmentnetoftax": -350000000,
            "othercomprehensiveincomelossavailableforsalesecuritiesadjustmentnetoftax": 2000000,
            "othercomprehensiveincomelossnetoftax": -348000000,
            "comprehensiveincomenetoftaxincludingportionattributabletononcontrollinginterest": -7136000000,
            "comprehensiveincomenetoftaxattributabletononcontrollinginterest": -20000000,
            "comprehensiveincomenetoftax": -7116000000
        },
        {
            "date": "2019-12-30",
            "symbol": "UBER",
            "period": "FY",
            "profitloss": -8512000000,
            "othercomprehensiveincomelossforeigncurrencytransactionandtranslationadjustmentnetoftax": -3000000,
            "othercomprehensiveincomelossavailableforsalesecuritiesadjustmentnetoftax": 4000000,
            "othercomprehensiveincomelossnetoftax": 1000000,
            "comprehensiveincomenetoftaxincludingportionattributabletononcontrollinginterest": -8511000000,
            "comprehensiveincomenetoftaxattributabletononcontrollinginterest": -6000000,
            "comprehensiveincomenetoftax": -8505000000,
            "revenues": 14147000000,
            "costofgoodsandserviceexcludingdepreciationdepletionandamortization": 7208000000,
            "operationsandsupportexpense": 2302000000,
            "sellingandmarketingexpense": 4626000000,
            "researchanddevelopmentexpense": 4836000000,
            "generalandadministrativeexpense": 3299000000,
            "depreciationdepletionandamortization": 472000000,
            "costsandexpenses": 22743000000,
            "operatingincomeloss": -8596000000,
            "interestexpense": 559000000,
            "nonoperatingincomeexpense": 722000000,
            "incomelossfromcontinuingoperationsbeforeincometaxesminorityinterestandincomelossfromequitymethodinvestments": -8433000000,
            "incometaxexpensebenefit": 45000000,
            "incomelossfromequitymethodinvestments": -34000000,
            "netincomelossattributabletononcontrollinginterest": -6000000,
            "netincomeloss": -8506000000,
            "earningspersharebasic": -6.81,
            "earningspersharediluted": -6.81,
            "weightedaveragenumberofsharesoutstandingbasic": 1248353000,
            "weightedaveragenumberofdilutedsharesoutstanding": 1248353000
        }
    ],
    "PINS": [
        {
            "date": "2023-12-30",
            "symbol": "PINS",
            "period": "FY",
            "revenuefromcontractwithcustomerexcludingassessedtax": 3055071000,
            "costofrevenue": 688760000,
            "researchanddevelopmentexpense": 1068416000,
            "sellingandmarketingexpense": 911166000,
            "generalandadministrativeexpense": 512407000,
            "costsandexpenses": 3180749000,
            "operatingincomeloss": -125678000,
            "interestincomeexpensenonoperatingnet": 105439000,
            "othernonoperatingincomeexpense": 3799000,
            "incomelossfromcontinuingoperationsbeforeincometaxesextraordinaryitemsnoncontrollinginterest": -16440000,
            "incometaxexpensebenefit": 19170000,
            "netincomeloss": -35610000,
            "earningspersharebasic": -0.05,
            "earningspersharediluted": -0.05,
            "weightedaveragenumberofsharesoutstandingbasic": 674641000,
            "weightedaveragenumberofdilutedsharesoutstanding": 674641000,
            "othercomprehensiveincomeavailableforsalesecuritiesadjustmentnetoftaxportionattributabletoparent": 10001000,
            "othercomprehensiveincomeforeigncurrencytransactionandtranslationadjustmentnetoftaxportionattributabletoparent": 405000,
            "comprehensiveincomenetoftax": -25204000
        },
        {
            "date": "2022-12-30",
            "symbol": "PINS",
            "period": "FY",
            "revenuefromcontractwithcustomerexcludingassessedtax": 2802574000,
            "costofrevenue": 678597000,
            "researchanddevelopmentexpense": 948980000,
            "sellingandmarketingexpense": 933133000,
            "generalandadministrativeexpense": 343541000,
            "costsandexpenses": 2904251000,
            "operatingincomeloss": -101677000,
            "investmentincomeinterest": 30943000,
            "interestexpenseandothernonoperatingexpenseincomenet": 15210000,
            "incomelossfromcontinuingoperationsbeforeincometaxesextraordinaryitemsnoncontrollinginterest": -85944000,
            "incometaxexpensebenefit": 10103000,
            "netincomeloss": -96047000,
            "earningspersharebasic": -0.14,
            "earningspersharediluted": -0.14,
            "weightedaveragenumberofsharesoutstandingbasic": 665732000,
            "weightedaveragenumberofdilutedsharesoutstanding": 665732000,
            "othercomprehensiveincomeavailableforsalesecuritiesadjustmentnetoftaxportionattributabletoparent": -8334000,
            "othercomprehensiveincomeforeigncurrencytransactionandtranslationadjustmentnetoftaxportionattributabletoparent": -904000,
            "comprehensiveincomenetoftax": -105285000
        },
        {
            "date": "2021-12-30",
            "symbol": "PINS",
            "period": "FY",
            "revenuefromcontractwithcustomerexcludingassessedtax": 2578027000,
            "costofrevenue": 529320000,
            "researchanddevelopmentexpense": 780264000,
            "sellingandmarketingexpense": 641279000,
            "generalandadministrativeexpense": 300977000,
            "costsandexpenses": 2251840000,
            "operatingincomeloss": 326187000,
            "investmentincomeinterest": 4204000,
            "interestexpenseandothernonoperatingexpenseincomenet": 9420000,
            "incomelossfromcontinuingoperationsbeforeincometaxesextraordinaryitemsnoncontrollinginterest": 320971000,
            "incometaxexpensebenefit": 4533000,
            "netincomeloss": 316438000,
            "earningspersharebasic": 0.49,
            "earningspersharediluted": 0.46,
            "weightedaveragenumberofsharesoutstandingbasic": 640030000,
            "weightedaveragenumberofdilutedsharesoutstanding": 691651000,
            "othercomprehensiveincomeavailableforsalesecuritiesadjustmentnetoftaxportionattributabletoparent": -4252000,
            "othercomprehensiveincomeforeigncurrencytransactionandtranslationadjustmentnetoftaxportionattributabletoparent": -409000,
            "comprehensiveincomenetoftax": 311777000
        },
        {
            "date": "2020-12-30",
            "symbol": "PINS",
            "period": "FY",
            "revenuefromcontractwithcustomerexcludingassessedtax": 1692658000,
            "costofrevenue": 449358000,
            "researchanddevelopmentexpense": 606194000,
            "sellingandmarketingexpense": 442807000,
            "generalandadministrativeexpense": 336803000,
            "costsandexpenses": 1835162000,
            "operatingincomeloss": -142504000,
            "investmentincomeinterest": 16119000,
            "interestexpenseandothernonoperatingexpenseincomenet": 635000,
            "incomelossfromcontinuingoperationsbeforeincometaxesextraordinaryitemsnoncontrollinginterest": -127020000,
            "incometaxexpensebenefit": 1303000,
            "netincomeloss": -128323000,
            "earningspersharebasicanddiluted": -0.22,
            "weightedaveragenumberofshareoutstandingbasicanddiluted": 596264000,
            "othercomprehensiveincomeavailableforsalesecuritiesadjustmentnetoftaxportionattributabletoparent": 1670000,
            "othercomprehensiveincomeforeigncurrencytransactionandtranslationadjustmentnetoftaxportionattributabletoparent": 163000,
            "comprehensiveincomenetoftax": -126490000
        },
        {
            "date": "2019-12-30",
            "symbol": "PINS",
            "period": "FY",
            "revenuefromcontractwithcustomerexcludingassessedtax": 1142761000,
            "costofrevenue": 358903000,
            "researchanddevelopmentexpense": 1207059000,
            "sellingandmarketingexpense": 611590000,
            "generalandadministrativeexpense": 354075000,
            "costsandexpenses": 2531627000,
            "operatingincomeloss": -1388866000,
            "investmentincomeinterest": 30164000,
            "interestexpenseandothernonoperatingexpenseincomenet": 2137000,
            "incomelossfromcontinuingoperationsbeforeincometaxesextraordinaryitemsnoncontrollinginterest": -1360839000,
            "incometaxexpensebenefit": 532000,
            "netincomeloss": -1361371000,
            "earningspersharebasicanddiluted": -3.24,
            "weightedaveragenumberofshareoutstandingbasicanddiluted": 420473000,
            "othercomprehensiveincomeavailableforsalesecuritiesadjustmentnetoftaxportionattributabletoparent": 2057000,
            "othercomprehensiveincomeforeigncurrencytransactionandtranslationadjustmentnetoftaxportionattributabletoparent": 11000,
            "comprehensiveincomenetoftax": -1359303000
        }
    ],
    "NOW": [
        {
            "date": "2023-12-30",
            "symbol": "NOW",
            "period": "FY",
            "revenuefromcontractwithcustomerexcludingassessedtax": 8680000000,
            "costofrevenue": 1606000000,
            "grossprofit": 7050000000,
            "sellingandmarketingexpense": 3301000000,
            "researchanddevelopmentexpense": 2124000000,
            "generalandadministrativeexpense": 863000000,
            "operatingexpenses": 6288000000,
            "operatingincomeloss": 762000000,
            "interestincomenonoperating": 302000000,
            "othernonoperatingincomeexpense": -56000000,
            "incomelossfromcontinuingoperationsbeforeincometaxesextraordinaryitemsnoncontrollinginterest": 1008000000,
            "incometaxexpensebenefit": -723000000,
            "netincomeloss": 1731000000,
            "earningspersharebasic": 8.48,
            "earningspersharediluted": 8.42,
            "weightedaveragenumberofsharesoutstandingbasic": 204137000,
            "weightedaveragenumberofdilutedsharesoutstanding": 205591000,
            "othercomprehensiveincomelossforeigncurrencytransactionandtranslationadjustmentnetoftax": 27000000,
            "othercomprehensiveincomeunrealizedholdinggainlossonsecuritiesarisingduringperiodnetoftax": 38000000,
            "othercomprehensiveincomelossnetoftax": 65000000,
            "comprehensiveincomenetoftax": 1796000000,
            "sharebasedcompensation": 202000000
        },
        {
            "date": "2022-12-30",
            "symbol": "NOW",
            "period": "FY",
            "revenuefromcontractwithcustomerexcludingassessedtax": 814000000,
            "costofrevenue": 1573000000,
            "grossprofit": 5672000000,
            "sellingandmarketingexpense": 2814000000,
            "researchanddevelopmentexpense": 1768000000,
            "generalandadministrativeexpense": 735000000,
            "operatingexpenses": 5317000000,
            "operatingincomeloss": 355000000,
            "interestexpense": 27000000,
            "othernonoperatingincomeexpense": 71000000,
            "incomelossfromcontinuingoperationsbeforeincometaxesextraordinaryitemsnoncontrollinginterest": 399000000,
            "incometaxexpensebenefit": 74000000,
            "netincomeloss": 76000000,
            "earningspersharebasic": 0.38,
            "earningspersharediluted": 0.37,
            "weightedaveragenumberofsharesoutstandingbasic": 201430000,
            "weightedaveragenumberofdilutedsharesoutstanding": 203535000,
            "othercomprehensiveincomelossforeigncurrencytransactionandtranslationadjustmentnetoftax": -70000000,
            "othercomprehensiveincomeunrealizedholdinggainlossonsecuritiesarisingduringperiodnetoftax": -66000000,
            "othercomprehensiveincomelossnetoftax": -136000000,
            "comprehensiveincomenetoftax": 189000000,
            "sharebasedcompensation": 1401000000
        },
        {
            "date": "2021-12-30",
            "symbol": "NOW",
            "period": "FY",
            "revenuefromcontractwithcustomerexcludingassessedtax": 691000000,
            "costofrevenue": 1353000000,
            "grossprofit": 4543000000,
            "sellingandmarketingexpense": 2292000000,
            "researchanddevelopmentexpense": 1397000000,
            "generalandadministrativeexpense": 597000000,
            "operatingexpenses": 4286000000,
            "operatingincomeloss": 257000000,
            "interestexpense": 28000000,
            "othernonoperatingincomeexpense": 20000000,
            "incomelossfromcontinuingoperationsbeforeincometaxesextraordinaryitemsnoncontrollinginterest": 249000000,
            "incometaxexpensebenefit": 19000000,
            "netincomeloss": 230000000,
            "earningspersharebasic": 1.16,
            "earningspersharediluted": 1.13,
            "weightedaveragenumberofsharesoutstandingbasic": 198094000,
            "weightedaveragenumberofdilutedsharesoutstanding": 203167000,
            "othercomprehensiveincomelossforeigncurrencytransactionandtranslationadjustmentnetoftax": -41000000,
            "othercomprehensiveincomeunrealizedholdinggainlossonsecuritiesarisingduringperiodnetoftax": -19000000,
            "othercomprehensiveincomelossnetoftax": -60000000,
            "comprehensiveincomenetoftax": 170000000,
            "sharebasedcompensation": 1131000000
        },
        {
            "date": "2020-12-30",
            "symbol": "NOW",
            "period": "FY",
            "revenuefromcontractwithcustomerexcludingassessedtax": 4285797000,
            "costofrevenue": 730835000,
            "grossprofit": 3532371000,
            "sellingandmarketingexpense": 1855016000,
            "researchanddevelopmentexpense": 1024327000,
            "generalandadministrativeexpense": 454165000,
            "operatingexpenses": 3333508000,
            "operatingincomeloss": 198863000,
            "interestexpense": 32746000,
            "othernonoperatingincomeexpense": -16932000,
            "incomelossfromcontinuingoperationsbeforeincometaxesminorityinterestandincomelossfromequitymethodinvestments": 149185000,
            "incometaxexpensebenefit": 30682000,
            "netincomeloss": 118503000,
            "earningspersharebasic": 0.61,
            "earningspersharediluted": 0.59,
            "weightedaveragenumberofsharesoutstandingbasic": 193096000,
            "weightedaveragenumberofdilutedsharesoutstanding": 202478000,
            "othercomprehensiveincomelossforeigncurrencytransactionandtranslationadjustmentnetoftax": 66243000,
            "othercomprehensiveincomeunrealizedholdinggainlossonsecuritiesarisingduringperiodnetoftax": 2731000,
            "othercomprehensiveincomelossnetoftax": 68974000,
            "comprehensiveincomenetoftax": 187477000,
            "sharebasedcompensation": 98258000
        },
        {
            "date": "2019-12-30",
            "symbol": "NOW",
            "period": "FY",
            "revenuefromcontractwithcustomerexcludingassessedtax": 3255079000,
            "costofrevenue": 549642000,
            "grossprofit": 2663792000,
            "sellingandmarketingexpense": 1534284000,
            "researchanddevelopmentexpense": 748369000,
            "generalandadministrativeexpense": 339016000,
            "operatingexpenses": 2621669000,
            "operatingincomeloss": 42123000,
            "interestexpense": 33283000,
            "nonoperatingincomeexpense": 58345000,
            "incomelossfromcontinuingoperationsbeforeincometaxesminorityinterestandincomelossfromequitymethodinvestments": 67185000,
            "incometaxexpensebenefit": -559513000,
            "netincomeloss": 626698000,
            "earningspersharebasic": 3.36,
            "earningspersharediluted": 3.18,
            "weightedaveragenumberofsharesoutstandingbasic": 186466000,
            "weightedaveragenumberofdilutedsharesoutstanding": 197223000,
            "othercomprehensiveincomelossforeigncurrencytransactionandtranslationadjustmentnetoftax": 20539000,
            "othercomprehensiveincomeunrealizedholdinggainlossonsecuritiesarisingduringperiodnetoftax": 8751000,
            "othercomprehensiveincomelossnetoftax": 29290000,
            "comprehensiveincomenetoftax": 655988000,
            "sharebasedcompensation": 72728000
        }
    ],
    "TEAM": [
        {
            "date": "2024-06-29",
            "symbol": "TEAM",
            "period": "FY",
            "revenuefromcontractwithcustomerexcludingassessedtax": 4358603000,
            "costofrevenue": 803495000,
            "grossprofit": 3555108000,
            "researchanddevelopmentexpense": 2184111000,
            "sellingandmarketingexpense": 877497000,
            "generalandadministrativeexpense": 610577000,
            "operatingexpenses": 3672185000,
            "operatingincomeloss": -117077000,
            "othernonoperatingincomeexpense": -30916000,
            "investmentincomeinterest": 96663000,
            "interestexpensenonoperating": 34077000,
            "incomelossfromcontinuingoperationsbeforeincometaxesextraordinaryitemsnoncontrollinginterest": -85407000,
            "incometaxexpensebenefit": 215112000,
            "netincomeloss": -118932000,
            "earningspersharebasic": -1.16,
            "earningspersharediluted": -1.16,
            "weightedaveragenumberofsharesoutstandingbasic": 102553000,
            "weightedaveragenumberofdilutedsharesoutstanding": 102553000,
            "allocatedsharebasedcompensationexpense": 159986000,
            "amortizationofintangibleassets": 49700000,
            "othercomprehensiveincomeforeigncurrencytransactionandtranslationadjustmentbeforetaxportionattributabletoparent": -2270000,
            "othercomprehensiveincomeunrealizedholdinggainlossonsecuritiesarisingduringperiodbeforetax": 314000,
            "othercomprehensiveincomelosscashflowhedgegainlossafterreclassificationbeforetax": -6746000,
            "othercomprehensiveincomelossbeforetaxportionattributabletoparent": -8702000,
            "othercomprehensiveincomelossnetoftaxportionattributabletoparent": -8702000,
            "comprehensiveincomenetoftax": -309221000
        },
        {
            "date": "2023-06-29",
            "symbol": "TEAM",
            "period": "FY",
            "revenuefromcontractwithcustomerexcludingassessedtax": 2922576000,
            "costofrevenue": 633765000,
            "grossprofit": 2900882000,
            "researchanddevelopmentexpense": 1869881000,
            "sellingandmarketingexpense": 769861000,
            "generalandadministrativeexpense": 606362000,
            "operatingexpenses": 3246104000,
            "operatingincomeloss": -345222000,
            "othernonoperatingincomeexpense": 14501000,
            "investmentincomeinterest": 49732000,
            "interestexpense": 30147000,
            "incomelossfromcontinuingoperationsbeforeincometaxesextraordinaryitemsnoncontrollinginterest": -311136000,
            "incometaxexpensebenefit": 175625000,
            "netincomeloss": -486761000,
            "earningspersharebasic": -1.9,
            "earningspersharediluted": -1.9,
            "weightedaveragenumberofsharesoutstandingbasic": 256307000,
            "weightedaveragenumberofdilutedsharesoutstanding": 256307000,
            "allocatedsharebasedcompensationexpense": 63913000,
            "amortizationofintangibleassets": 22853000,
            "othercomprehensiveincomeforeigncurrencytransactionandtranslationadjustmentbeforetaxportionattributabletoparent": -5283000,
            "othercomprehensiveincomeunrealizedholdinggainlossonsecuritiesarisingduringperiodbeforetax": 1753000,
            "othercomprehensiveincomelosscashflowhedgegainlossafterreclassificationbeforetax": 23668000,
            "othercomprehensiveincomelossbeforetaxportionattributabletoparent": 20138000,
            "othercomprehensiveincomelossnetoftaxportionattributabletoparent": 20138000,
            "comprehensiveincomenetoftax": -466623000
        },
        {
            "date": "2022-06-30",
            "symbol": "TEAM",
            "period": "FY",
            "revenuefromcontractswithcustomers": 202111000,
            "costofsales": 465707000,
            "grossprofit": 2337175000,
            "researchanddevelopmentexpense": 1397568000,
            "salesandmarketingexpense": 567691000,
            "generalandadministrativeexpense": 478373000,
            "operatingexpense": 2443632000,
            "profitlossfromoperatingactivities": -106457000,
            "othernonoperatingincomeexpensenet": -434588000,
            "financeincome": 2297000,
            "financecosts": 25824000,
            "profitlossbeforetax": -564572000,
            "incometaxexpensecontinuingoperations": 49552000,
            "profitlossattributabletoownersofparent": -614124000,
            "basicearningslosspershare": -2.42,
            "dilutedearningslosspershare": -2.42,
            "weightedaverageshares": 253312000,
            "adjustedweightedaverageshares": 253312000,
            "expensefromsharebasedpaymenttransactionswithemployees": 707087000,
            "amortisationintangibleassetsotherthangoodwill": 32398000,
            "othercomprehensiveincomebeforetaxgainslossesfrominvestmentsinequityinstruments": -72663000,
            "incometaxrelatingtoinvestmentsinequityinstrumentsofothercomprehensiveincome": -16775000,
            "othercomprehensiveincomethatwillnotbereclassifiedtoprofitorlossnetoftax": -55888000,
            "othercomprehensiveincomebeforetaxexchangedifferencesontranslation": -11355000,
            "othercomprehensiveincomebeforetaxfinancialassetsmeasuredatfairvaluethroughothercomprehensiveincome": -1358000,
            "othercomprehensiveincomebeforetaxcashflowhedges": 27438000,
            "incometaxrelatingtocomponentsofothercomprehensiveincomethatwillbereclassifiedtoprofitorloss": 9840000,
            "othercomprehensiveincomethatwillbereclassifiedtoprofitorlossnetoftax": 4885000,
            "othercomprehensiveincome": -51003000,
            "comprehensiveincomeattributabletoownersofparent": -614124000
        },
        {
            "date": "2021-06-30",
            "symbol": "TEAM",
            "period": "FY",
            "revenuefromcontractswithcustomers": 1324064000,
            "costofsales": 336021000,
            "grossprofit": 1753111000,
            "researchanddevelopmentexpense": 963326000,
            "salesandmarketingexpense": 372909000,
            "generalandadministrativeexpense": 315242000,
            "operatingexpense": 1651477000,
            "profitlossfromoperatingactivities": 101634000,
            "othernonoperatingincomeexpensenet": -620759000,
            "financeincome": 7174000,
            "financecosts": 122713000,
            "profitlossbeforetax": -634664000,
            "incometaxexpensecontinuingoperations": 61651000,
            "profitlossattributabletoownersofparent": -696315000,
            "basicearningslosspershare": -2.79,
            "dilutedearningslosspershare": -2.79,
            "weightedaverageshares": 249679000,
            "adjustedweightedaverageshares": 249679000,
            "expensefromsharebasedpaymenttransactionswithemployees": 24739000,
            "amortisationintangibleassetsotherthangoodwill": 22394000,
            "othercomprehensiveincomebeforetaxgainslossesfrominvestmentsinequityinstruments": 48080000,
            "incometaxrelatingtoinvestmentsinequityinstrumentsofothercomprehensiveincome": 11283000,
            "othercomprehensiveincomethatwillnotbereclassifiedtoprofitorlossnetoftax": 36797000,
            "othercomprehensiveincomebeforetaxexchangedifferencesontranslation": 4916000,
            "othercomprehensiveincomebeforetaxfinancialassetsmeasuredatfairvaluethroughothercomprehensiveincome": -4844000,
            "othercomprehensiveincomebeforetaxcashflowhedges": -16008000,
            "incometaxrelatingtocomponentsofothercomprehensiveincomethatwillbereclassifiedtoprofitorloss": -7827000,
            "othercomprehensiveincomethatwillbereclassifiedtoprofitorlossnetoftax": -8109000,
            "othercomprehensiveincome": 28688000,
            "comprehensiveincomeattributabletoownersofparent": -667627000
        },
        {
            "date": "2020-06-30",
            "symbol": "TEAM",
            "period": "FY",
            "revenuefromcontractswithcustomers": 931455000,
            "costofsales": 268807000,
            "grossprofit": 1345366000,
            "researchanddevelopmentexpense": 763188000,
            "salesandmarketingexpense": 299683000,
            "generalandadministrativeexpense": 268409000,
            "operatingexpense": 1331280000,
            "profitlossfromoperatingactivities": 14086000,
            "othernonoperatingincomeexpensenet": -338486000,
            "financeincome": 27801000,
            "financecosts": 49610000,
            "profitlossbeforetax": -346209000,
            "incometaxexpensecontinuingoperations": 4445000,
            "profitlossattributabletoownersofparent": -350654000,
            "basicearningslosspershare": -1.43,
            "dilutedearningslosspershare": -1.43,
            "weightedaverageshares": 244844000,
            "adjustedweightedaverageshares": 244844000,
            "expensefromsharebasedpaymenttransactionswithemployees": 19787000,
            "amortisationintangibleassetsotherthangoodwill": 29509000,
            "othercomprehensiveincomebeforetaxgainslossesfrominvestmentsinequityinstruments": 41255000,
            "incometaxrelatingtoinvestmentsinequityinstrumentsofothercomprehensiveincome": 9380000,
            "othercomprehensiveincomethatwillnotbereclassifiedtoprofitorlossnetoftax": 31875000,
            "othercomprehensiveincomebeforetaxexchangedifferencesontranslation": -613000,
            "othercomprehensiveincomebeforetaxfinancialassetsmeasuredatfairvaluethroughothercomprehensiveincome": 5053000,
            "othercomprehensiveincomebeforetaxcashflowhedges": 16711000,
            "incometaxrelatingtocomponentsofothercomprehensiveincomethatwillbereclassifiedtoprofitorloss": 8961000,
            "othercomprehensiveincomethatwillbereclassifiedtoprofitorlossnetoftax": 12190000,
            "othercomprehensiveincome": 44065000,
            "comprehensiveincomeattributabletoownersofparent": -306589000
        }
    ],
    "DBX": [
        {
            "date": "2023-12-30",
            "symbol": "DBX",
            "period": "FY",
            "revenuefromcontractwithcustomerexcludingassessedtax": 2501600000,
            "costofgoodsandservicessold": 478500000,
            "grossprofit": 2023100000,
            "researchanddevelopmentexpense": 936500000,
            "sellingandmarketingexpense": 466000000,
            "generalandadministrativeexpense": 237100000,
            "impairmentofrealestateincludingreclassifications": -155200000,
            "operatingexpenses": 1484400000,
            "operatingincomeloss": 538700000,
            "interestincomeexpensenonoperatingnet": 19400000,
            "othernonoperatingincomeexpense": -3700000,
            "incomelossfromcontinuingoperationsbeforeincometaxesextraordinaryitemsnoncontrollinginterest": 554400000,
            "incometaxexpensebenefit": 100800000,
            "netincomeloss": 453600000,
            "earningspersharebasic": 1.33,
            "earningspersharediluted": 1.31,
            "weightedaveragenumberofsharesoutstandingbasic": 341200000,
            "weightedaveragenumberofdilutedsharesoutstanding": 345600000,
            "allocatedsharebasedcompensationexpense": 23300000,
            "gainlossonpartialoperatingleasetermination": 158800000,
            "othercomprehensiveincomeforeigncurrencytransactionandtranslationadjustmentnetoftaxportionattributabletoparent": 200000,
            "othercomprehensiveincomeavailableforsalesecuritiesadjustmentnetoftaxportionattributabletoparent": 27200000,
            "othercomprehensiveincomelossnetoftaxportionattributabletoparent": 27400000,
            "comprehensiveincomenetoftax": 481000000
        },
        {
            "date": "2022-12-30",
            "symbol": "DBX",
            "period": "FY",
            "revenuefromcontractwithcustomerexcludingassessedtax": 1060700000,
            "costofgoodsandservicessold": 444200000,
            "grossprofit": 1880700000,
            "researchanddevelopmentexpense": 891900000,
            "sellingandmarketingexpense": 409400000,
            "generalandadministrativeexpense": 222900000,
            "assetimpairmentcharges": 175200000,
            "operatingexpenses": 1699400000,
            "operatingincomeloss": 181300000,
            "interestincomeexpensenonoperatingnet": 3300000,
            "othernonoperatingincomeexpense": 8100000,
            "incomelossfromcontinuingoperationsbeforeincometaxesextraordinaryitemsnoncontrollinginterest": 192700000,
            "incometaxexpensebenefit": -360500000,
            "netincomeloss": 126400000,
            "earningspersharebasic": 1.53,
            "earningspersharediluted": 1.52,
            "weightedaveragenumberofsharesoutstandingbasic": 82600000,
            "weightedaveragenumberofdilutedsharesoutstanding": 82600000,
            "allocatedsharebasedcompensationexpense": 11700000,
            "incometaxbenefitreleaseofdeferredtaxassetvaluationallowance": 420200000,
            "othercomprehensiveincomeforeigncurrencytransactionandtranslationadjustmentnetoftaxportionattributabletoparent": -7100000,
            "othercomprehensiveincomeavailableforsalesecuritiesadjustmentnetoftaxportionattributabletoparent": -39200000,
            "othercomprehensiveincomelossnetoftaxportionattributabletoparent": -46300000,
            "comprehensiveincomenetoftax": 506900000
        },
        {
            "date": "2021-12-30",
            "symbol": "DBX",
            "period": "FY",
            "revenuefromcontractwithcustomerexcludingassessedtax": 2157900000,
            "costofgoodsandservicessold": 444200000,
            "grossprofit": 1713700000,
            "researchanddevelopmentexpense": 755900000,
            "sellingandmarketingexpense": 427500000,
            "generalandadministrativeexpense": 224600000,
            "assetimpairmentcharges": 31300000,
            "operatingexpenses": 1439300000,
            "operatingincomeloss": 274400000,
            "interestincomeexpensenonoperatingnet": -5200000,
            "othernonoperatingincomeexpense": 30100000,
            "incomelossfromcontinuingoperationsbeforeincometaxesextraordinaryitemsnoncontrollinginterest": 299300000,
            "incometaxexpensebenefit": -36500000,
            "netincomeloss": 335800000,
            "earningspersharebasic": 0.87,
            "earningspersharediluted": 0.85,
            "weightedaveragenumberofsharesoutstandingbasic": 388000000,
            "weightedaveragenumberofdilutedsharesoutstanding": 395800000,
            "allocatedsharebasedcompensationexpense": 23200000,
            "incometaxbenefitreleaseofdeferredtaxassetvaluationallowance": 38100000,
            "othercomprehensiveincomeforeigncurrencytransactionandtranslationadjustmentnetoftaxportionattributabletoparent": -600000,
            "othercomprehensiveincomeavailableforsalesecuritiesadjustmentnetoftaxportionattributabletoparent": -12900000,
            "othercomprehensiveincomelossnetoftaxportionattributabletoparent": -13500000,
            "comprehensiveincomenetoftax": 322300000
        },
        {
            "date": "2020-12-30",
            "symbol": "DBX",
            "period": "FY",
            "revenuefromcontractwithcustomerexcludingassessedtax": 914600000,
            "costofgoodsandservicessold": 414600000,
            "grossprofit": 1499300000,
            "researchanddevelopmentexpense": 727500000,
            "sellingandmarketingexpense": 422800000,
            "generalandadministrativeexpense": 227800000,
            "assetimpairmentcharges": 215300000,
            "operatingexpenses": 1776300000,
            "operatingincomeloss": -277000000,
            "interestincomeexpensenonoperatingnet": 1700000,
            "othernonoperatingincomeexpense": 25100000,
            "incomelossfromcontinuingoperationsbeforeincometaxesextraordinaryitemsnoncontrollinginterest": -250200000,
            "incometaxexpensebenefit": 6100000,
            "netincomeloss": -73800000,
            "earningspersharebasicanddiluted": -0.62,
            "weightedaveragenumberofshareoutstandingbasicanddiluted": 119300000,
            "allocatedsharebasedcompensationexpense": 23400000,
            "othercomprehensiveincomeforeigncurrencytransactionandtranslationadjustmentnetoftaxportionattributabletoparent": 4800000,
            "othercomprehensiveincomeavailableforsalesecuritiesadjustmentnetoftaxportionattributabletoparent": 2800000,
            "othercomprehensiveincomelossnetoftaxportionattributabletoparent": 7600000,
            "comprehensiveincomenetoftax": -248700000
        },
        {
            "date": "2019-12-30",
            "symbol": "DBX",
            "period": "FY",
            "netincomeloss": -52700000,
            "othercomprehensiveincomeforeigncurrencytransactionandtranslationadjustmentnetoftaxportionattributabletoparent": 2900000,
            "othercomprehensiveincomeavailableforsalesecuritiesadjustmentnetoftaxportionattributabletoparent": 1600000,
            "othercomprehensiveincomelossnetoftaxportionattributabletoparent": 4500000,
            "comprehensiveincomenetoftax": -48200000,
            "revenuefromcontractwithcustomerexcludingassessedtax": 1661300000,
            "costofgoodsandservicessold": 411000000,
            "grossprofit": 1250300000,
            "researchanddevelopmentexpense": 662100000,
            "sellingandmarketingexpense": 423300000,
            "generalandadministrativeexpense": 245400000,
            "operatingexpenses": 1330800000,
            "operatingincomeloss": -80500000,
            "interestincomeexpensenonoperatingnet": 12500000,
            "othernonoperatingincomeexpense": 16000000,
            "incomelossfromcontinuingoperationsbeforeincometaxesextraordinaryitemsnoncontrollinginterest": -52000000,
            "incometaxexpensebenefit": 700000,
            "earningspersharebasicanddiluted": -0.13,
            "weightedaveragenumberofshareoutstandingbasicanddiluted": 411600000,
            "allocatedsharebasedcompensationexpense": 15800000
        }
    ],
    "NET": [
        {
            "date": "2023-12-30",
            "symbol": "NET",
            "period": "FY",
            "revenuefromcontractwithcustomerexcludingassessedtax": 1296745000,
            "costofrevenue": 307005000,
            "grossprofit": 989740000,
            "sellingandmarketingexpense": 599117000,
            "researchanddevelopmentexpense": 358143000,
            "generalandadministrativeexpense": 217965000,
            "operatingexpenses": 1175225000,
            "operatingincomeloss": -185485000,
            "investmentincomenonoperating": 68167000,
            "interestexpense": 5872000,
            "gainslossesonextinguishmentofdebt": -50300000,
            "othernonoperatingincomeexpense": -4372000,
            "nonoperatingincomeexpense": 7623000,
            "incomelossfromcontinuingoperationsbeforeincometaxesextraordinaryitemsnoncontrollinginterest": -177862000,
            "incometaxexpensebenefit": 6087000,
            "netincomeloss": -183949000,
            "earningspersharebasic": -0.55,
            "earningspersharediluted": -0.55,
            "weightedaveragenumberofsharesoutstandingbasic": 333656000,
            "weightedaveragenumberofdilutedsharesoutstanding": 333656000,
            "othercomprehensiveincomelossavailableforsalesecuritiesadjustmentnetoftax": 13880000,
            "othercomprehensiveincomelossnetoftaxportionattributabletoparent": 13880000,
            "comprehensiveincomenetoftax": -170069000
        },
        {
            "date": "2022-12-30",
            "symbol": "NET",
            "period": "FY",
            "revenuefromcontractwithcustomerexcludingassessedtax": 852719000,
            "costofrevenue": 232610000,
            "grossprofit": 742631000,
            "sellingandmarketingexpense": 465762000,
            "researchanddevelopmentexpense": 298303000,
            "generalandadministrativeexpense": 179769000,
            "operatingexpenses": 943834000,
            "operatingincomeloss": -201203000,
            "investmentincomenonoperating": 14877000,
            "interestexpense": 4984000,
            "othernonoperatingincomeexpense": 577000,
            "nonoperatingincomeexpense": 10470000,
            "incomelossfromcontinuingoperationsbeforeincometaxesextraordinaryitemsnoncontrollinginterest": -190733000,
            "incometaxexpensebenefit": 2648000,
            "netincomeloss": -25611000,
            "earningspersharebasic": -0.59,
            "earningspersharediluted": -0.59,
            "weightedaveragenumberofsharesoutstandingbasic": 43218000,
            "weightedaveragenumberofdilutedsharesoutstanding": 43218000,
            "othercomprehensiveincomelossavailableforsalesecuritiesadjustmentnetoftax": -9251000,
            "othercomprehensiveincomelossnetoftaxportionattributabletoparent": -9251000,
            "comprehensiveincomenetoftax": -202632000
        },
        {
            "date": "2021-12-30",
            "symbol": "NET",
            "period": "FY",
            "revenuefromcontractwithcustomerexcludingassessedtax": 582624000,
            "costofrevenue": 147134000,
            "grossprofit": 509292000,
            "sellingandmarketingexpense": 328065000,
            "researchanddevelopmentexpense": 189408000,
            "generalandadministrativeexpense": 119503000,
            "operatingexpenses": 636976000,
            "operatingincomeloss": -127684000,
            "investmentincomenonoperating": 1970000,
            "interestexpense": 49234000,
            "gainslossesonextinguishmentofdebt": -72234000,
            "othernonoperatingincomeexpense": -794000,
            "nonoperatingincomeexpense": -120292000,
            "incomelossfromcontinuingoperationsbeforeincometaxesextraordinaryitemsnoncontrollinginterest": -247976000,
            "incometaxexpensebenefit": 12333000,
            "netincomeloss": -40370000,
            "earningspersharebasic": -0.83,
            "earningspersharediluted": -0.83,
            "weightedaveragenumberofsharesoutstandingbasic": 48437000,
            "weightedaveragenumberofdilutedsharesoutstanding": 48437000,
            "othercomprehensiveincomelossavailableforsalesecuritiesadjustmentnetoftax": -2808000,
            "othercomprehensiveincomelossnetoftaxportionattributabletoparent": -2808000,
            "comprehensiveincomenetoftax": -263117000
        },
        {
            "date": "2020-12-30",
            "symbol": "NET",
            "period": "FY",
            "revenuefromcontractwithcustomerexcludingassessedtax": 431059000,
            "costofrevenue": 101055000,
            "grossprofit": 330004000,
            "sellingandmarketingexpense": 217875000,
            "researchanddevelopmentexpense": 127144000,
            "generalandadministrativeexpense": 91753000,
            "operatingexpenses": 436772000,
            "operatingincomeloss": -106768000,
            "investmentincomenonoperating": 6588000,
            "interestexpense": 24964000,
            "othernonoperatingincomeexpense": 171000,
            "nonoperatingincomeexpense": -18205000,
            "incomelossfromcontinuingoperationsbeforeincometaxesextraordinaryitemsnoncontrollinginterest": -124973000,
            "incometaxexpensebenefit": -5603000,
            "netincomeloss": -119370000,
            "earningspersharebasicanddiluted": -0.4,
            "weightedaveragenumberofshareoutstandingbasicanddiluted": 299774000,
            "othercomprehensiveincomelossavailableforsalesecuritiesadjustmentnetoftax": 102000,
            "othercomprehensiveincomelossnetoftaxportionattributabletoparent": 102000,
            "comprehensiveincomenetoftax": -119268000
        },
        {
            "date": "2019-12-30",
            "symbol": "NET",
            "period": "FY",
            "revenuefromcontractwithcustomerexcludingassessedtax": 287022000,
            "costofrevenue": 63423000,
            "grossprofit": 223599000,
            "sellingandmarketingexpense": 159298000,
            "researchanddevelopmentexpense": 90669000,
            "generalandadministrativeexpense": 81578000,
            "operatingexpenses": 331545000,
            "operatingincomeloss": -107946000,
            "investmentincomenonoperating": 5787000,
            "interestexpense": 1112000,
            "othernonoperatingincomeexpense": -1442000,
            "nonoperatingincomeexpense": 3233000,
            "incomelossfromcontinuingoperationsbeforeincometaxesextraordinaryitemsnoncontrollinginterest": -104713000,
            "incometaxexpensebenefit": 1115000,
            "netincomeloss": -105828000,
            "earningspersharebasicanddiluted": -0.72,
            "weightedaveragenumberofshareoutstandingbasicanddiluted": 146306000,
            "othercomprehensiveincomelossavailableforsalesecuritiesadjustmentnetoftax": 118000,
            "othercomprehensiveincomelossnetoftaxportionattributabletoparent": 118000,
            "comprehensiveincomenetoftax": -105710000
        }
    ],
    "DDOG": [
        {
            "date": "2023-12-30",
            "symbol": "DDOG",
            "period": "FY",
            "revenuefromcontractwithcustomerexcludingassessedtax": 2128359000,
            "costofgoodsandservicessold": 409908000,
            "grossprofit": 1718451000,
            "researchanddevelopmentexpense": 962447000,
            "sellingandmarketingexpense": 609276000,
            "generalandadministrativeexpense": 180192000,
            "operatingexpenses": 1751915000,
            "operatingincomeloss": -33464000,
            "interestexpense": 6302000,
            "interestandotherincome": 100001000,
            "othernonoperatingincomeexpense": 93699000,
            "incomelossfromcontinuingoperationsbeforeincometaxesextraordinaryitemsnoncontrollinginterest": 60235000,
            "incometaxexpensebenefit": 11667000,
            "netincomeloss": 48568000,
            "netincomelossavailabletocommonstockholdersbasic": 48568000,
            "netincomelossavailabletocommonstockholdersdiluted": 48568000,
            "earningspersharebasic": 0.15,
            "earningspersharediluted": 0.14,
            "weightedaveragenumberofsharesoutstandingbasic": 324033000,
            "weightedaveragenumberofdilutedsharesoutstanding": 350292000,
            "othercomprehensiveincomeforeigncurrencytransactionandtranslationadjustmentnetoftaxportionattributabletoparent": 1050000,
            "othercomprehensiveincomeavailableforsalesecuritiesadjustmentnetoftaxportionattributabletoparent": 9154000,
            "othercomprehensiveincomelossnetoftaxportionattributabletoparent": 10204000,
            "comprehensiveincomenetoftax": 58772000
        },
        {
            "date": "2022-12-30",
            "symbol": "DDOG",
            "period": "FY",
            "revenuefromcontractwithcustomerexcludingassessedtax": 474381000,
            "costofgoodsandservicessold": 346743000,
            "grossprofit": 1328357000,
            "researchanddevelopmentexpense": 752351000,
            "sellingandmarketingexpense": 495288000,
            "generalandadministrativeexpense": 139413000,
            "operatingexpenses": 1387052000,
            "operatingincomeloss": -58695000,
            "interestexpense": 16535000,
            "interestandotherincome": 37160000,
            "othernonoperatingincomeexpense": 20625000,
            "incomelossfromcontinuingoperationsbeforeincometaxesextraordinaryitemsnoncontrollinginterest": -38070000,
            "incometaxexpensebenefit": 12090000,
            "netincomeloss": -50160000,
            "netincomelossavailabletocommonstockholdersbasic": -4997000,
            "netincomelossavailabletocommonstockholdersdiluted": -4997000,
            "earningspersharebasic": -0.16,
            "earningspersharediluted": -0.16,
            "weightedaveragenumberofsharesoutstandingbasic": 31421000,
            "weightedaveragenumberofdilutedsharesoutstanding": 31421000,
            "othercomprehensiveincomeforeigncurrencytransactionandtranslationadjustmentnetoftaxportionattributabletoparent": -1322000,
            "othercomprehensiveincomeavailableforsalesecuritiesadjustmentnetoftaxportionattributabletoparent": -7270000,
            "othercomprehensiveincomelossnetoftaxportionattributabletoparent": -8592000,
            "comprehensiveincomenetoftax": -58752000
        },
        {
            "date": "2021-12-30",
            "symbol": "DDOG",
            "period": "FY",
            "revenuefromcontractwithcustomerexcludingassessedtax": 1028784000,
            "costofgoodsandservicessold": 234245000,
            "grossprofit": 794539000,
            "researchanddevelopmentexpense": 419769000,
            "sellingandmarketingexpense": 299497000,
            "generalandadministrativeexpense": 94429000,
            "operatingexpenses": 813695000,
            "operatingincomeloss": -19156000,
            "interestexpense": 21052000,
            "interestandotherincome": 21786000,
            "othernonoperatingincomeexpense": 734000,
            "incomelossfromcontinuingoperationsbeforeincometaxesextraordinaryitemsnoncontrollinginterest": -18422000,
            "incometaxexpensebenefit": 2323000,
            "netincomeloss": -20745000,
            "netincomelossavailabletocommonstockholdersbasic": -20745000,
            "netincomelossavailabletocommonstockholdersdiluted": -20745000,
            "earningspersharebasic": -0.07,
            "earningspersharediluted": -0.07,
            "weightedaveragenumberofsharesoutstandingbasic": 309048000,
            "weightedaveragenumberofdilutedsharesoutstanding": 309048000,
            "othercomprehensiveincomeforeigncurrencytransactionandtranslationadjustmentnetoftaxportionattributabletoparent": -1853000,
            "othercomprehensiveincomeavailableforsalesecuritiesadjustmentnetoftaxportionattributabletoparent": -4264000,
            "othercomprehensiveincomelossnetoftaxportionattributabletoparent": -6117000,
            "comprehensiveincomenetoftax": -26862000
        },
        {
            "date": "2020-12-30",
            "symbol": "DDOG",
            "period": "FY",
            "revenuefromcontractwithcustomerexcludingassessedtax": 153567000,
            "costofgoodsandservicessold": 130197000,
            "grossprofit": 473269000,
            "researchanddevelopmentexpense": 210626000,
            "sellingandmarketingexpense": 213660000,
            "generalandadministrativeexpense": 62756000,
            "operatingexpenses": 487042000,
            "operatingincomeloss": -13773000,
            "interestexpense": 30434000,
            "interestandotherincome": 21985000,
            "othernonoperatingincomeexpense": -8449000,
            "incomelossfromcontinuingoperationsbeforeincometaxesextraordinaryitemsnoncontrollinginterest": -22222000,
            "incometaxexpensebenefit": 2325000,
            "netincomeloss": -10933000,
            "earningspersharebasicanddiluted": -0.08,
            "weightedaveragenumberofshareoutstandingbasicanddiluted": 300000,
            "othercomprehensiveincomelossforeigncurrencytransactionandtranslationadjustmentnetoftax": 1089000,
            "othercomprehensiveincomeunrealizedholdinggainlossonsecuritiesarisingduringperiodnetoftax": 1065000,
            "othercomprehensiveincomelossnetoftax": 2154000,
            "comprehensiveincomenetoftax": -22393000
        },
        {
            "date": "2019-12-30",
            "symbol": "DDOG",
            "period": "FY",
            "revenuefromcontractwithcustomerexcludingassessedtax": 90590000,
            "costofgoodsandservicessold": 88949000,
            "grossprofit": 273831000,
            "researchanddevelopmentexpense": 111425000,
            "sellingandmarketingexpense": 146657000,
            "generalandadministrativeexpense": 35889000,
            "operatingexpenses": 293971000,
            "operatingincomeloss": -20140000,
            "othernonoperatingincomeexpense": 4164000,
            "incomelossfromcontinuingoperationsbeforeincometaxesextraordinaryitemsnoncontrollinginterest": -15976000,
            "incometaxexpensebenefit": 734000,
            "netincomeloss": -15561000,
            "earningspersharebasicanddiluted": -0.12,
            "weightedaveragenumberofshareoutstandingbasicanddiluted": 140000,
            "othercomprehensiveincomelossforeigncurrencytransactionandtranslationadjustmentnetoftax": 55000,
            "othercomprehensiveincomeunrealizedholdinggainlossonsecuritiesarisingduringperiodnetoftax": 47000,
            "othercomprehensiveincomelossnetoftax": 102000,
            "comprehensiveincomenetoftax": -16608000
        }
    ],
    "SE": [
        {
            "date": "2023-12-30",
            "symbol": "SE",
            "period": "FY",
            "revenuefromcontractwithcustomerexcludingassessedtax": 2172009000,
            "costofgoodsandservicessold": 672481000,
            "grossprofit": 5833647000,
            "operatingincomeother": 221021000,
            "sellingandmarketingexpense": 2779223000,
            "generalandadministrativeexpense": 1134724000,
            "provisionforcreditlosses": 633942000,
            "researchanddevelopmentexpense": 1164126000,
            "goodwillimpairmentloss": 117875000,
            "operatingexpenses": 5608869000,
            "operatingincomeloss": 224778000,
            "investmentincomeinterest": 331310000,
            "interestexpense": 41075000,
            "gainlossoninvestments": -125656000,
            "gainslossesonextinguishmentofdebt": 38550000,
            "foreigncurrencytransactiongainlossrealized": 4487000,
            "incomelossfromcontinuingoperationsbeforeincometaxesminorityinterestandincomelossfromequitymethodinvestments": 432394000,
            "incometaxexpensebenefit": 262680000,
            "incomelossfromequitymethodinvestments": -7032000,
            "profitloss": 162682000,
            "netincomelossattributabletononcontrollinginterest": 11956000,
            "netincomeloss": 150726000,
            "earningspersharebasic": 0.27,
            "earningspersharediluted": 0.25,
            "weightedaveragenumberofsharesoutstandingbasic": 566612815,
            "weightedaveragenumberofdilutedsharesoutstanding": 594405604,
            "othercomprehensiveincomeforeigncurrencytransactionandtranslationgainlossarisingduringperiodnetoftax": -695000,
            "othercomprehensiveincomelossforeigncurrencytransactionandtranslationadjustmentnetoftax": -695000,
            "othercomprehensiveincomeunrealizedholdinggainlossonsecuritiesarisingduringperiodnetoftax": 5067000,
            "othercomprehensiveincomelossreclassificationadjustmentfromaociforsaleofsecuritiesnetoftax": -148000,
            "othercomprehensiveincomelossavailableforsalesecuritiesadjustmentnetoftax": 5215000,
            "othercomprehensiveincomelossnetoftax": 4520000,
            "comprehensiveincomenetoftaxattributabletononcontrollinginterest": 13261000,
            "comprehensiveincomenetoftax": 153941000
        },
        {
            "date": "2022-12-31",
            "symbol": "SE",
            "period": "FY",
            "revenuefromcontractwithcustomerexcludingassessedtax": 357351000,
            "costofgoodsandservicessold": 7264428000,
            "grossprofit": 5185277000,
            "operatingincomeother": 279184000,
            "sellingandmarketingexpense": 3269223000,
            "generalandadministrativeexpense": 1437612000,
            "provisionforcreditlosses": 513690000,
            "researchanddevelopmentexpense": 1376501000,
            "goodwillimpairmentloss": 354943000,
            "operatingexpenses": 6672785000,
            "operatingincomeloss": -916138000,
            "investmentincomeinterest": 115515000,
            "interestexpense": 45396000,
            "gainlossoninvestments": -207331000,
            "gainslossesonextinguishmentofdebt": 199697000,
            "foreigncurrencytransactiongainlossrealized": -75510000,
            "incomelossfromcontinuingoperationsbeforeincometaxesminorityinterestandincomelossfromequitymethodinvestments": -1500533000,
            "incometaxexpensebenefit": 168395000,
            "incomelossfromequitymethodinvestments": 11156000,
            "profitloss": 20425000,
            "netincomelossattributabletononcontrollinginterest": -6351000,
            "netincomeloss": -1651421000,
            "earningspersharebasic": -2.96,
            "earningspersharediluted": -2.96,
            "weightedaveragenumberofsharesoutstandingbasic": 558119948,
            "weightedaveragenumberofdilutedsharesoutstanding": 558119948,
            "othercomprehensiveincomeforeigncurrencytransactionandtranslationgainlossarisingduringperiodnetoftax": -81620000,
            "othercomprehensiveincomelossforeigncurrencytransactionandtranslationadjustmentnetoftax": -81620000,
            "othercomprehensiveincomeunrealizedholdinggainlossonsecuritiesarisingduringperiodnetoftax": -7930000,
            "othercomprehensiveincomelossreclassificationadjustmentfromaociforsaleofsecuritiesnetoftax": -212000,
            "othercomprehensiveincomelossavailableforsalesecuritiesadjustmentnetoftax": -7718000,
            "othercomprehensiveincomelossnetoftax": -4778000,
            "comprehensiveincomenetoftaxattributabletononcontrollinginterest": -11129000,
            "comprehensiveincomenetoftax": -1735981000
        },
        {
            "date": "2021-12-31",
            "symbol": "SE",
            "period": "FY",
            "revenuefromcontractwithcustomerexcludingassessedtax": 4320013000,
            "costofgoodsandservicessold": 1230082000,
            "grossprofit": 3895735000,
            "operatingincomeother": 287946000,
            "sellingandmarketingexpense": 3829743000,
            "generalandadministrativeexpense": 1105295000,
            "researchanddevelopmentexpense": 831703000,
            "operatingexpenses": 5478795000,
            "operatingincomeloss": -1583060000,
            "investmentincomeinterest": 36082000,
            "interestexpense": 138945000,
            "gainlossoninvestments": -43502000,
            "foreigncurrencytransactiongainlossrealized": 14241000,
            "incomelossfromcontinuingoperationsbeforeincometaxesminorityinterestandincomelossfromequitymethodinvestments": -1715184000,
            "incometaxexpensebenefit": 332865000,
            "incomelossfromequitymethodinvestments": 5019000,
            "profitloss": -2043030000,
            "netincomelossattributabletononcontrollinginterest": 3729000,
            "netincomeloss": -2046759000,
            "earningspersharebasic": -3.84,
            "earningspersharediluted": -3.84,
            "weightedaveragenumberofsharesoutstandingbasic": 532705796,
            "weightedaveragenumberofdilutedsharesoutstanding": 532705796,
            "othercomprehensiveincomeforeigncurrencytransactionandtranslationgainlossarisingduringperiodnetoftax": -32972000,
            "othercomprehensiveincomelossforeigncurrencytransactionandtranslationadjustmentnetoftax": -32972000,
            "othercomprehensiveincomeunrealizedholdinggainlossonsecuritiesarisingduringperiodnetoftax": -1386000,
            "othercomprehensiveincomelossreclassificationadjustmentfromaociforsaleofsecuritiesnetoftax": -236000,
            "othercomprehensiveincomelossavailableforsalesecuritiesadjustmentnetoftax": -1150000,
            "othercomprehensiveincomelossnetoftax": -34122000,
            "comprehensiveincomenetoftaxattributabletononcontrollinginterest": 3148000,
            "comprehensiveincomenetoftax": -2080300000
        },
        {
            "date": "2020-12-31",
            "symbol": "SE",
            "period": "FY",
            "revenuefromcontractwithcustomerexcludingassessedtax": 2015972000,
            "costofgoodsandservicessold": 702329000,
            "grossprofit": 1348905000,
            "operatingincomeother": 189645000,
            "sellingandmarketingexpense": 1830875000,
            "generalandadministrativeexpense": 657215000,
            "researchanddevelopmentexpense": 353785000,
            "operatingexpenses": 2652230000,
            "operatingincomeloss": -1303325000,
            "investmentincomeinterest": 24804000,
            "interestexpense": 148243000,
            "gainlossoninvestments": -17820000,
            "fairvalueoptionchangesinfairvaluegainloss1": -87000,
            "foreigncurrencytransactiongainlossrealized": -38567000,
            "incomelossfromcontinuingoperationsbeforeincometaxesminorityinterestandincomelossfromequitymethodinvestments": -1483238000,
            "incometaxexpensebenefit": 141640000,
            "incomelossfromequitymethodinvestments": 721000,
            "profitloss": -1624157000,
            "netincomelossattributabletononcontrollinginterest": -6101000,
            "netincomeloss": -1618056000,
            "earningspersharebasicanddiluted": -3.39,
            "weightedaveragenumberofshareoutstandingbasicanddiluted": 477264888,
            "othercomprehensiveincomeforeigncurrencytransactionandtranslationgainlossarisingduringperiodnetoftax": 2532000,
            "othercomprehensiveincomelossforeigncurrencytransactionandtranslationadjustmentnetoftax": 2532000,
            "othercomprehensiveincomeunrealizedholdinggainlossonsecuritiesarisingduringperiodnetoftax": -4393000,
            "othercomprehensiveincomelossavailableforsalesecuritiesadjustmentnetoftax": -4393000,
            "othercomprehensiveincomelossnetoftax": -1861000,
            "comprehensiveincomenetoftaxattributabletononcontrollinginterest": -7146000,
            "comprehensiveincomenetoftax": -1618872000
        },
        {
            "date": "2019-12-31",
            "symbol": "SE",
            "period": "FY",
            "revenuefromcontractwithcustomerexcludingassessedtax": 1136017000,
            "costofgoodsandservicessold": 435905000,
            "grossprofit": 604920000,
            "operatingincomeother": 15890000,
            "sellingandmarketingexpense": 969543000,
            "generalandadministrativeexpense": 385865000,
            "researchanddevelopmentexpense": 156634000,
            "operatingexpenses": 1496152000,
            "operatingincomeloss": -891232000,
            "investmentincomeinterest": 33935000,
            "interestexpense": 48208000,
            "gainlossoninvestments": 11794000,
            "fairvalueoptionchangesinfairvaluegainloss1": -472877000,
            "foreigncurrencytransactiongainlossrealized": -2031000,
            "incomelossfromcontinuingoperationsbeforeincometaxesminorityinterestandincomelossfromequitymethodinvestments": -1368619000,
            "incometaxexpensebenefit": 85864000,
            "incomelossfromequitymethodinvestments": -3239000,
            "profitloss": -1457722000,
            "netincomelossattributabletononcontrollinginterest": 5077000,
            "netincomeloss": -1462799000,
            "earningspersharebasicanddiluted": -3.35,
            "weightedaveragenumberofshareoutstandingbasicanddiluted": 436601801,
            "othercomprehensiveincomeforeigncurrencytransactionandtranslationgainlossarisingduringperiodnetoftax": 3230000,
            "othercomprehensiveincomelossforeigncurrencytransactionandtranslationadjustmentnetoftax": 3230000,
            "othercomprehensiveincomeunrealizedholdinggainlossonsecuritiesarisingduringperiodnetoftax": -12869000,
            "othercomprehensiveincomelossavailableforsalesecuritiesadjustmentnetoftax": -12869000,
            "othercomprehensiveincomelossnetoftax": -9639000,
            "comprehensiveincomenetoftaxattributabletononcontrollinginterest": 5188000,
            "comprehensiveincomenetoftax": -1472549000
        }
    ]
}